1832 3151
494 81 1062 173 ἕῧὲἒ(0)ἓὲ<ἐὲ
1364 86 1473 167 ¹87

44 205 140 243 ma.
219 189 460 242 Valentius
489 191 615 241 saevit
644 188 722 239 hic
748 189 952 255 impetus
982 189 1087 255 quia
1115 184 1414 240 fundamenta
1444 203 1559 239 con·

47 259 194 316 vellit,
232 259 398 324 quibus
432 260 573 309 stratis
600 274 731 307 ruere
762 259 917 307 omnia
942 270 1142 324 oportet.
1210 258 1330 306 Non
1361 272 1420 303 eo
1440 270 1554 305 tem·

44 343 163 391 pore
189 327 424 395 dignitatis
448 362 460 386 ,
488 343 588 376 non
619 325 891 391 probitatis,
930 342 1028 376 non
1046 326 1196 375 meriti
1216 321 1283 373 est
1303 323 1444 381 ratio,
1474 321 1553 371 ubi

44 393 200 444 furere
220 394 351 444 ardor
380 397 579 459 caeperit.
613 395 778 444 Donec
797 392 989 444 ambitio
1002 396 1217 443 aemulum
1232 391 1409 441 simulat
1430 425 1442 448 ,
1482 390 1555 439 vel

44 458 240 526 suspicio
278 462 557 527 perduellem
587 465 798 524 colorat,
840 461 1009 530 gaudet
1041 462 1198 511 exitio.
1283 458 1465 507 Caelum
1503 455 1558 506 &

47 541 212 578 terram
245 529 394 580 fruetis
433 531 538 580 ante
569 530 836 579 cardinibus
862 528 1046 589 subrui,
1085 531 1159 580 vel
1182 526 1448 579 Acheronta
1478 543 1561 591 pe·

45 596 181 646 tenda
209 596 298 647 smt
319 633 332 656 ,
362 599 542 660 videas,
576 598 689 647 dnm
705 598 854 648 rivalis
871 632 883 654 ,
935 612 1013 647 aut
1037 599 1268 666 ingratus,
1295 592 1438 643 furori
1460 610 1557 643 non

46 665 181 714 cedat
216 666 366 714 modo
399 665 671 724 bacchanti,
697 665 772 715 sed
818 665 1019 716 occidat.
1103 666 1315 718 Credunt
1348 659 1558 711 Philoso-

44 734 254 799 phorum
279 752 413 800 pars,
462 737 593 801 ignes
629 734 882 784 nonnullos
909 735 1128 783 alimento
1154 750 1250 783 non
1289 729 1379 778 alio
1410 728 1555 795 pasci,

48 805 187 867 quam
219 803 346 867 quod
381 803 589 851 flammas
629 801 743 868 ipsas
780 799 827 852 in
855 803 1126 852 alimentum
1176 798 1324 849 rursus
1369 815 1559 848 conver·

46 880 161 919 tant.
231 871 361 920 Idem
409 867 596 921 censent
645 884 972 936 argumentum
1025 870 1240 935 potentiae
1307 866 1558 931 Principes.

47 939 287 1004 Qantnm
328 938 520 1000 furunt,
571 937 750 988 tantum
792 936 940 1003 ipsum
980 936 1146 987 stu-oris
1184 934 1444 984 remedium
1484 933 1559 983 seu

45 1005 254 1056 flammas
281 1008 331 1057 in
361 1006 581 1072 pabulum
623 1017 837 1065 vertunt,
886 1019 935 1054 ut
973 1005 1138 1055 eadem
1186 1004 1560 1052 coniummantur

45 1072 579 1140 pariter&nun-iantur.
628 1073 894 1138 Vaporibus
926 1073 1128 1122 minimis
1163 1071 1343 1136 quoties
1375 1071 1560 1137 cogitur

49 1143 98 1192 in
125 1142 271 1192 nubes
293 1145 454 1192 caelum
471 1177 484 1202 ,
506 1142 553 1193 in
573 1140 766 1191 fulmina
801 1140 1056 1206 coquitur?
1092 1140 1153 1191 fic
1174 1141 1248 1188 irae
1275 1139 1554 1204 potentfim3

45 1211 442 1275 Fitquandoque‚
477 1211 551 1261 vix
581 1225 632 1259 ut
655 1208 736 1258 libi
757 1206 960 1259 satisdari
989 1207 1117 1276 posse
1142 1207 1424 1268 existiment,
1469 1204 1560 1254 nisi

47 1279 249 1329 vindiela
279 1281 525 1329 terminum
548 1293 692 1344 petat.
791 1278 1043 1343 Nunquam
1080 1277 1245 1338 senex,
1281 1272 1459 1339 semper
1494 1273 1562 1334 Ju-

48 1348 178 1398 venis
202 1346 264 1398 est
299 1345 428 1397 furor
467 1347 725 1413 Principum
759 1363 774 1404 3
816 1345 966 1412 e6que
1010 1360 1339 1408 nonnunquam
1371 1341 1569 1391 vicinior

47 1414 258 1474 insaniae,
293 1416 399 1480 quia
426 1412 634 1466 subtilior
663 1413 908 1465 nobilitate
938 1413 1039 1480 ips‘a
1072 1413 1134 1462 est
1161 1413 1359 1460 flamma⁵
1408 1412 1563 1476 Qtan·

50 1484 153 1534 tum
193 1484 376 1534 interest
408 1484 527 1533 inter
559 1500 732 1533 conum
773 1482 926 1550 ignis,
963 1479 1015 1529 ὅ(
1045 1480 1206 1548 ignem
1239 1477 1413 1544 ipsum,
1448 1480 1562 1527 inter

49 1553 238 1619 pyrium
274 1553 508 1616 pulverem
544 1590 557 1614 ,
606 1549 657 1600 ἃ
696 1567 853 1599 aurum
899 1548 1149 1599 fulminans
1178 1583 1192 1607 ‚
1224 1547 1405 1597 tantum
1449 1545 1568 1593 inter

49 1618 216 1690 vulgi:
254 1617 559 1685 &Principis
601 1621 701 1670 iras.
791 1622 974 1684 Impetu
1020 1629 1192 1666 nocent
1238 1628 1435 1672 caeterae,
1486 1610 1565 1661 sed

47 1685 142 1739 suis
165 1686 383 1739 duntaxat
406 1688 578 1738 viribus
600 1723 612 1748 ,
642 1687 708 1738 hae
730 1689 866 1736 etiam
894 1686 1114 1750 exemplis
1134 1723 1146 1747 ,
1185 1681 1351 1749 quibus
1384 1682 1429 1730 in
1454 1696 1565 1729 con·

52 1753 241 1806 ibi-tium
280 1758 465 1823 rapiunt
517 1757 721 1806 flammas
767 1753 1010 1820 vectigales
1056 1753 1307 1803 minorum.
1390 1746 1562 1798 Nescio

52 1824 206 1882 enim,
241 1841 335 1890 quo
360 1823 457 1875 fato
479 1859 492 1884 ,
528 1841 659 1873 ruere
687 1822 1062 1903 gestitsspopulns
1090 1820 1135 1869 in
1177 1821 1375 1868 furorem
1395 1856 1409 1880 ‚
1457 1814 1563 1865 cum

51 1893 302 1943 Herculem
348 1895 506 1944 nacC'tus
538 1891 604 1942 est
640 1893 901 1955 Principem
943 1890 992 1940 in
1031 1887 1274 1939 Orchestra
1317 1883 1563 1936 furentem.

51 1959 191 2028 Quali
221 1960 329 2009 verb
357 1979 453 2011 non
488 1978 636 2011 errare
672 1959 848 2022 modi),
885 1956 961 2008 sed
1001 1955 1052 2006 <St
1091 1958 1241 2022 perire
1282 1951 1331 2003 fit
1363 1954 1566 2015 volupe,

50 2029 163 2078 dum
192 2031 462 2078 communis
488 2045 613 2079 error
644 2029 705 2077 est
731 2029 800 2085 ei,
834 2043 970 2092 quem
1000 2025 1209 2074 diadema
1242 2022 1416 2072 caeteris
1456 2035 1565 2086 prae·

52 2096 171 2147 tulit.
242 2097 552 2147 Patrocinium
603 2095 683 2146 fibi
735 2092 920 2160 semper
954 2093 1110 2160 quaerit
1155 2090 1408 2157 iniquitas3
1455 2103 1569 2137 nun·

55 2181 198 2231 quam
222 2166 395 2230 reperit
424 2166 607 2228 majus,
641 2181 694 2214 ac
723 2164 836 2212 dum
857 2164 1023 2213 ducem
1056 2164 1103 2210 in
1132 2158 1307 2210 furores
1329 2173 1438 2207 eum
1456 2173 1569 2205 nan·

53 2233 241 2282 ciscitur
275 2265 288 2291 ‚
352 2250 434 2299 per
489 2250 625 2297 quem
696 2234 822 2298 quies
869 2229 920 2280 ἃ
960 2228 1075 2279 salus
1118 2228 1231 2279 stare
1272 2224 1452 2291 publica
1489 2221 1570 2271 de·

52 2299 148 2350 bet.
232 2302 462 2366 AEquum,
485 2300 682 2351 (arichim
705 2335 718 2360 ‚
755 2296 1089 2365 probatumque
1109 2295 1311 2346 creditur
1328 2328 1342 2352 ,
1373 2292 1427 2342 ad
1445 2285 1569 2356 quod

53 2383 304 2419 coronatus
336 2367 478 2417 ducit.
553 2369 677 2434 Quid
709 2369 802 2431 jam
828 2381 1034 2418 torrente
1062 2364 1338 2431 Reipublicae
1374 2360 1571 2410 obrutus

55 2450 167 2506 aget
186 2437 252 2489 vir
272 2434 521 2502 publicus?
557 2437 746 2486 Sacrum
782 2437 902 2485 inter
923 2433 975 2484 ὃ(
1001 2433 1172 2484 Saxum
1200 2432 1333 2482 haeret
1354 2464 1366 2486 ‚
1402 2447 1456 2478 an
1479 2442 1566 2491 po-

58 2505 188 2570 puli,
227 2521 282 2554 an
306 2503 528 2568 Principis
555 2502 761 2554 furorem
798 2500 1064 2569 praeeligat?
1100 2499 1262 2550 Oderit
1308 2498 1385 2547 hic
1417 2532 1430 2555 ,
1485 2510 1569 2559 par

53 2572 200 2621 fatum
226 2575 251 2621 a
279 2571 455 2639 populo
483 2567 557 2620 vel
580 2586 767 2621 verente
783 2607 794 2630 ,
824 2569 1122 2632 vel'Principi
1147 2566 1410 2617 blandiente
1437 2581 1576 2636 expe:

56 2641 211 2689 rietur.
283 2647 348 2690 At
389 2637 515 2697 esti),
548 2655 667 2690 unus
712 2638 862 2687 oderit
892 2637 986 2689 fine
1031 2637 1169 2703 plebe
1197 2635 1450 2696 Princeps,
1490 2628 1572 2678 fibi

59 2721 177 2758 unus
202 2705 390 2765 sufficit,
431 2707 506 2771 qui
531 2706 630 2767 jura
667 2706 742 2757 dat
772 2705 1001 2757 omnibus.
1059 2704 1291 2754 Fulminea
1334 2701 1379 2749 vi
1413 2713 1572 2763 poten·

57 2777 285 2827 tiernulla
303 2775 384 2825 est.
414 2774 682 2826 Semiumur
694 2775 862 2826 damna
886 2791 977 2826 nec
1005 2771 1283 2841 praefignata.
1335 2765 1571 2819 Declinari

1422 2848 1507 2901 ΡΟ·
