<?xml version="1.0" encoding="UTF-8"?>
<!DOCTYPE html PUBLIC "-//W3C//DTD XHTML 1.0 Transitional//EN"
    "http://www.w3.org/TR/xhtml1/DTD/xhtml1-transitional.dtd">
<html xmlns="http://www.w3.org/1999/xhtml" xml:lang="en" lang="en">
 <head>
  <title>
</title>
<meta http-equiv="Content-Type" content="text/html;charset=utf-8" />
  <meta name='ocr-system' content='tesseract 3.04.00' />
  <meta name='ocr-capabilities' content='ocr_page ocr_carea ocr_par ocr_line ocrx_word'/>
</head>
<body>
  <div class='ocr_page' id='page_1' title='image "./ideasapientisthe00vano_0242.png"; bbox 0 0 1832 3151; ppageno 0'>
   <div class='ocr_carea' id='block_1_1' title="bbox 1822 0 1832 57">
    <p class='ocr_par' dir='ltr' id='par_1_1' title="bbox 1822 0 1832 57">
     <span class='ocr_line' id='line_1_1' title="bbox 1822 0 1832 57; baseline 0 0"><span class='ocrx_word' id='word_1_1' title='bbox 1822 0 1832 57; x_wconf 76' lang='lat' dir='ltr'>l</span> 
     </span>
    </p>
   </div>
   <div class='ocr_carea' id='block_1_2' title="bbox 265 63 1832 335">
    <p class='ocr_par' dir='ltr' id='par_1_2' title="bbox 265 63 1832 335">
     <span class='ocr_line' id='line_1_2' title="bbox 1828 63 1832 94; baseline 0 0"><span class='ocrx_word' id='word_1_2' title='bbox 1828 63 1832 94; x_wconf 64' lang='grc' dir='ltr'><strong>ι</strong></span> 
     </span>
     <span class='ocr_line' id='line_1_3' title="bbox 354 91 1311 179; baseline -0.01 6"><span class='ocrx_word' id='word_1_3' title='bbox 354 114 440 178; x_wconf 78' lang='lat'>92</span> <span class='ocrx_word' id='word_1_4' title='bbox 740 91 881 179; x_wconf 37' lang='lat' dir='ltr'>{aa}</span> <span class='ocrx_word' id='word_1_5' title='bbox 926 91 957 173; x_wconf 84' lang='grc'>&lt;</span> <span class='ocrx_word' id='word_1_6' title='bbox 1003 114 1045 159; x_wconf 65' lang='lat' dir='ltr'>e</span> <span class='ocrx_word' id='word_1_7' title='bbox 1092 93 1122 175; x_wconf 88' lang='lat'>)</span> <span class='ocrx_word' id='word_1_8' title='bbox 1169 91 1311 178; x_wconf 43' lang='lat' dir='ltr'>&amp;aa</span> 
     </span>
     <span class='ocr_line' id='line_1_4' title="bbox 265 191 1832 263; baseline -0.005 -10"><span class='ocrx_word' id='word_1_9' title='bbox 265 200 424 253; x_wconf 89' lang='lat' dir='ltr'>solium</span> <span class='ocrx_word' id='word_1_10' title='bbox 446 199 513 250; x_wconf 86' lang='lat' dir='ltr'>est</span> <span class='ocrx_word' id='word_1_11' title='bbox 534 234 545 257; x_wconf 81' lang='lat'>,</span> <span class='ocrx_word' id='word_1_12' title='bbox 582 213 676 263; x_wconf 84' lang='lat' dir='ltr'>quo</span> <span class='ocrx_word' id='word_1_13' title='bbox 695 198 871 247; x_wconf 86' lang='lat' dir='ltr'>constet</span> <span class='ocrx_word' id='word_1_14' title='bbox 894 195 1186 261; x_wconf 84' lang='lat' dir='ltr'><strong>Respublica.</strong></span> <span class='ocrx_word' id='word_1_15' title='bbox 1234 193 1351 244; x_wconf 89' lang='lat' dir='ltr'>Non</span> <span class='ocrx_word' id='word_1_16' title='bbox 1374 204 1466 243; x_wconf 87' lang='lat' dir='ltr'>tam</span> <span class='ocrx_word' id='word_1_17' title='bbox 1483 203 1621 260; x_wconf 71' lang='lat' dir='ltr'>parca</span> <span class='ocrx_word' id='word_1_18' title='bbox 1638 193 1794 247; x_wconf 77' lang='lat' dir='ltr'>estua-</span> <span class='ocrx_word' id='word_1_19' title='bbox 1819 191 1832 249; x_wconf 67' lang='grc' dir='ltr'><strong><em>ἰ</em></strong></span> 
     </span>
     <span class='ocr_line' id='line_1_5' title="bbox 266 262 1832 335; baseline -0.005 -14"><span class='ocrx_word' id='word_1_20' title='bbox 266 286 392 335; x_wconf 84' lang='lat' dir='ltr'>tura,</span> <span class='ocrx_word' id='word_1_21' title='bbox 430 283 481 318; x_wconf 89' lang='lat' dir='ltr'>ut</span> <span class='ocrx_word' id='word_1_22' title='bbox 505 265 586 317; x_wconf 84' lang='lat' dir='ltr'>soli</span> <span class='ocrx_word' id='word_1_23' title='bbox 611 265 836 316; x_wconf 84' lang='lat' dir='ltr'>nobilitati</span> <span class='ocrx_word' id='word_1_24' title='bbox 863 267 1051 318; x_wconf 84' lang='lat' dir='ltr'>virtutes</span> <span class='ocrx_word' id='word_1_25' title='bbox 1069 267 1115 315; x_wconf 87' lang='lat' dir='ltr'>iu</span> <span class='ocrx_word' id='word_1_26' title='bbox 1137 264 1299 315; x_wconf 88' lang='lat' dir='ltr'>dotem</span> <span class='ocrx_word' id='word_1_27' title='bbox 1321 262 1595 315; x_wconf 82' lang='lat' dir='ltr'>transcribat.</span> <span class='ocrx_word' id='word_1_28' title='bbox 1830 267 1832 296; x_wconf 73' lang='lat'><strong><em>³</em></strong></span> 
     </span>
    </p>
   </div>
   <div class='ocr_carea' id='block_1_3' title="bbox 723 375 1832 475">
    <p class='ocr_par' dir='ltr' id='par_1_3' title="bbox 723 375 1832 475">
     <span class='ocr_line' id='line_1_6' title="bbox 723 375 1832 475; baseline 0.001 -42"><span class='ocrx_word' id='word_1_29' title='bbox 723 375 1303 435; x_wconf 75' lang='lat' dir='ltr'>AFF1RMATuR.</span> <span class='ocrx_word' id='word_1_30' title='bbox 1828 403 1832 475; x_wconf 31' lang='grc' dir='ltr'><strong><em>ᾗ</em></strong></span> 
     </span>
    </p>
   </div>
   <div class='ocr_carea' id='block_1_4' title="bbox 249 473 1832 2912">
    <p class='ocr_par' dir='ltr' id='par_1_4' title="bbox 249 473 1832 2912">
     <span class='ocr_line' id='line_1_7' title="bbox 268 473 1832 589; baseline -0.004 -60"><span class='ocrx_word' id='word_1_31' title='bbox 268 480 356 589; x_wconf 82' lang='lat' dir='ltr'>SI</span> <span class='ocrx_word' id='word_1_32' title='bbox 374 493 533 528; x_wconf 85' lang='lat' dir='ltr'>natura</span> <span class='ocrx_word' id='word_1_33' title='bbox 548 478 775 526; x_wconf 87' lang='lat' dir='ltr'>calculum</span> <span class='ocrx_word' id='word_1_34' title='bbox 804 477 975 540; x_wconf 90' lang='lat' dir='ltr'>ducat,</span> <span class='ocrx_word' id='word_1_35' title='bbox 1011 480 1180 526; x_wconf 86' lang='lat' dir='ltr'>trutina</span> <span class='ocrx_word' id='word_1_36' title='bbox 1208 492 1295 542; x_wconf 87' lang='lat' dir='ltr'>pro</span> <span class='ocrx_word' id='word_1_37' title='bbox 1321 473 1561 527; x_wconf 90' lang='lat' dir='ltr'>nobilitate</span> <span class='ocrx_word' id='word_1_38' title='bbox 1584 473 1787 525; x_wconf 82' lang='lat' dir='ltr'>libratur.</span> <span class='ocrx_word' id='word_1_39' title='bbox 1824 477 1832 539; x_wconf 62' lang='lat' dir='ltr'>i</span> 
     </span>
     <span class='ocr_line' id='line_1_8' title="bbox 374 542 1832 615; baseline -0.003 -19"><span class='ocrx_word' id='word_1_40' title='bbox 374 546 516 615; x_wconf 70' lang='lat' dir='ltr'>Quod</span> <span class='ocrx_word' id='word_1_41' title='bbox 538 543 797 610; x_wconf 70' lang='lat' dir='ltr'>sapientum</span> <span class='ocrx_word' id='word_1_42' title='bbox 828 562 935 595; x_wconf 89' lang='lat' dir='ltr'>cum</span> <span class='ocrx_word' id='word_1_43' title='bbox 957 546 1199 595; x_wconf 81' lang='lat' dir='ltr'>Aristotele</span> <span class='ocrx_word' id='word_1_44' title='bbox 1216 544 1356 594; x_wconf 85' lang='lat' dir='ltr'>dictat</span> <span class='ocrx_word' id='word_1_45' title='bbox 1377 544 1492 593; x_wconf 83' lang='lat' dir='ltr'>ratio</span> <span class='ocrx_word' id='word_1_46' title='bbox 1511 580 1522 602; x_wconf 89' lang='lat'>‚</span> <span class='ocrx_word' id='word_1_47' title='bbox 1552 543 1792 608; x_wconf 77' lang='lat' dir='ltr'>experien-</span> <span class='ocrx_word' id='word_1_48' title='bbox 1825 542 1832 612; x_wconf 73' lang='grc' dir='ltr'>ΙΙ</span> 
     </span>
     <span class='ocr_line' id='line_1_9' title="bbox 261 607 1832 679; baseline -0.005 -13"><span class='ocrx_word' id='word_1_49' title='bbox 261 618 322 667; x_wconf 90' lang='lat' dir='ltr'>tia</span> <span class='ocrx_word' id='word_1_50' title='bbox 351 614 518 665; x_wconf 81' lang='lat' dir='ltr'>firmat.</span> <span class='ocrx_word' id='word_1_51' title='bbox 581 613 966 664; x_wconf 70' lang='lat' dir='ltr'>Praestautiffimos</span> <span class='ocrx_word' id='word_1_52' title='bbox 997 631 1097 664; x_wconf 88' lang='lat' dir='ltr'>non</span> <span class='ocrx_word' id='word_1_53' title='bbox 1125 611 1215 664; x_wconf 81' lang='lat' dir='ltr'>nisi</span> <span class='ocrx_word' id='word_1_54' title='bbox 1244 607 1610 677; x_wconf 79' lang='lat' dir='ltr'>praestantiffimis</span> <span class='ocrx_word' id='word_1_55' title='bbox 1639 612 1794 679; x_wconf 80' lang='lat' dir='ltr'>gigni,</span> <span class='ocrx_word' id='word_1_56' title='bbox 1826 614 1832 678; x_wconf 65' lang='lat' dir='ltr'>l</span> 
     </span>
     <span class='ocr_line' id='line_1_10' title="bbox 265 679 1832 748; baseline -0.004 -12"><span class='ocrx_word' id='word_1_57' title='bbox 265 686 314 736; x_wconf 76' lang='lat' dir='ltr'>ut</span> <span class='ocrx_word' id='word_1_58' title='bbox 339 683 594 734; x_wconf 78' lang='lat' dir='ltr'>Phaenicem</span> <span class='ocrx_word' id='word_1_59' title='bbox 623 681 846 732; x_wconf 69' lang='lat' dir='ltr'>Phaenice.</span> <span class='ocrx_word' id='word_1_60' title='bbox 898 683 1036 732; x_wconf 89' lang='lat' dir='ltr'>Nulla</span> <span class='ocrx_word' id='word_1_61' title='bbox 1068 681 1220 748; x_wconf 85' lang='lat' dir='ltr'>lepori</span> <span class='ocrx_word' id='word_1_62' title='bbox 1248 698 1356 731; x_wconf 87' lang='lat' dir='ltr'>cum</span> <span class='ocrx_word' id='word_1_63' title='bbox 1387 679 1525 728; x_wconf 87' lang='lat' dir='ltr'>leone</span> <span class='ocrx_word' id='word_1_64' title='bbox 1558 681 1622 729; x_wconf 88' lang='lat' dir='ltr'>est</span> <span class='ocrx_word' id='word_1_65' title='bbox 1656 697 1790 729; x_wconf 87' lang='lat' dir='ltr'>com·</span> <span class='ocrx_word' id='word_1_66' title='bbox 1827 689 1832 729; x_wconf 71' lang='grc' dir='ltr'><em>ὲ</em></span> 
     </span>
     <span class='ocr_line' id='line_1_11' title="bbox 263 746 1832 818; baseline -0.003 -16"><span class='ocrx_word' id='word_1_67' title='bbox 263 753 425 810; x_wconf 82' lang='lat' dir='ltr'>munio</span> <span class='ocrx_word' id='word_1_68' title='bbox 449 751 592 801; x_wconf 84' lang='lat' dir='ltr'>animi</span> <span class='ocrx_word' id='word_1_69' title='bbox 616 786 627 809; x_wconf 94' lang='lat'>,</span> <span class='ocrx_word' id='word_1_70' title='bbox 683 751 788 816; x_wconf 86' lang='lat' dir='ltr'>quia</span> <span class='ocrx_word' id='word_1_71' title='bbox 820 750 1054 818; x_wconf 84' lang='lat' dir='ltr'>sauguinis</span> <span class='ocrx_word' id='word_1_72' title='bbox 1087 749 1226 799; x_wconf 86' lang='lat' dir='ltr'>nulla.</span> <span class='ocrx_word' id='word_1_73' title='bbox 1294 746 1555 798; x_wconf 81' lang='lat' dir='ltr'>Tributaria</span> <span class='ocrx_word' id='word_1_74' title='bbox 1580 748 1674 798; x_wconf 71' lang='lat' dir='ltr'>fere</span> <span class='ocrx_word' id='word_1_75' title='bbox 1703 748 1793 798; x_wconf 86' lang='lat' dir='ltr'>vir·</span> <span class='ocrx_word' id='word_1_76' title='bbox 1822 766 1832 801; x_wconf 69' lang='lat' dir='ltr'>ra</span> 
     </span>
     <span class='ocr_line' id='line_1_12' title="bbox 261 815 1786 888; baseline -0.005 -17"><span class='ocrx_word' id='word_1_77' title='bbox 261 835 333 871; x_wconf 88' lang='lat' dir='ltr'>tus</span> <span class='ocrx_word' id='word_1_78' title='bbox 356 819 418 869; x_wconf 89' lang='lat' dir='ltr'>est</span> <span class='ocrx_word' id='word_1_79' title='bbox 440 818 646 888; x_wconf 84' lang='lat' dir='ltr'>sanguini</span> <span class='ocrx_word' id='word_1_80' title='bbox 669 836 683 878; x_wconf 90' lang='lat'>;</span> <span class='ocrx_word' id='word_1_81' title='bbox 716 818 1000 869; x_wconf 84' lang='lat' dir='ltr'>Vehiculum</span> <span class='ocrx_word' id='word_1_82' title='bbox 1022 858 1034 881; x_wconf 89' lang='lat'>,</span> <span class='ocrx_word' id='word_1_83' title='bbox 1073 836 1128 867; x_wconf 87' lang='lat' dir='ltr'>an</span> <span class='ocrx_word' id='word_1_84' title='bbox 1163 815 1322 866; x_wconf 86' lang='lat' dir='ltr'>semen</span> <span class='ocrx_word' id='word_1_85' title='bbox 1352 815 1520 864; x_wconf 87' lang='lat' dir='ltr'>dotum</span> <span class='ocrx_word' id='word_1_86' title='bbox 1548 816 1786 865; x_wconf 84' lang='lat' dir='ltr'>illustrium</span> 
     </span>
     <span class='ocr_line' id='line_1_13' title="bbox 262 882 1791 949; baseline -0.003 -11"><span class='ocrx_word' id='word_1_87' title='bbox 262 888 485 945; x_wconf 82' lang='lat' dir='ltr'><strong>dixerim,</strong></span> <span class='ocrx_word' id='word_1_88' title='bbox 518 886 710 937; x_wconf 85' lang='lat' dir='ltr'>nescio:</span> <span class='ocrx_word' id='word_1_89' title='bbox 745 886 859 936; x_wconf 87' lang='lat' dir='ltr'>illud</span> <span class='ocrx_word' id='word_1_90' title='bbox 895 884 1020 946; x_wconf 87' lang='lat' dir='ltr'>scio,</span> <span class='ocrx_word' id='word_1_91' title='bbox 1058 887 1293 938; x_wconf 80' lang='lat' dir='ltr'>vivaciora</span> <span class='ocrx_word' id='word_1_92' title='bbox 1322 883 1419 934; x_wconf 73' lang='lat' dir='ltr'>fere</span> <span class='ocrx_word' id='word_1_93' title='bbox 1440 919 1453 943; x_wconf 91' lang='lat'>,</span> <span class='ocrx_word' id='word_1_94' title='bbox 1494 882 1544 933; x_wconf 69' lang='grc' dir='ltr'><strong>δί</strong></span> <span class='ocrx_word' id='word_1_95' title='bbox 1583 884 1791 949; x_wconf 78' lang='lat' dir='ltr'>praestan·</span> 
     </span>
     <span class='ocr_line' id='line_1_14' title="bbox 261 950 1791 1024; baseline -0.001 -19"><span class='ocrx_word' id='word_1_96' title='bbox 261 959 376 1009; x_wconf 83' lang='lat' dir='ltr'>tiora</span> <span class='ocrx_word' id='word_1_97' title='bbox 410 956 494 1006; x_wconf 79' lang='lat' dir='ltr'>effe</span> <span class='ocrx_word' id='word_1_98' title='bbox 516 957 721 1024; x_wconf 84' lang='lat' dir='ltr'>germina</span> <span class='ocrx_word' id='word_1_99' title='bbox 741 990 753 1014; x_wconf 92' lang='lat'>‚</span> <span class='ocrx_word' id='word_1_100' title='bbox 787 972 886 1022; x_wconf 85' lang='lat' dir='ltr'>quae</span> <span class='ocrx_word' id='word_1_101' title='bbox 923 956 1086 1008; x_wconf 85' lang='lat' dir='ltr'>caloris</span> <span class='ocrx_word' id='word_1_102' title='bbox 1116 954 1316 1020; x_wconf 74' lang='lat' dir='ltr'>amplius</span> <span class='ocrx_word' id='word_1_103' title='bbox 1338 988 1350 1011; x_wconf 87' lang='lat'>‚</span> <span class='ocrx_word' id='word_1_104' title='bbox 1389 953 1498 1001; x_wconf 76' lang='lat' dir='ltr'>cum</span> <span class='ocrx_word' id='word_1_105' title='bbox 1548 950 1753 1004; x_wconf 83' lang='lat' dir='ltr'>seruntur</span> <span class='ocrx_word' id='word_1_106' title='bbox 1777 986 1791 1012; x_wconf 88' lang='lat'><strong>,</strong></span> 
     </span>
     <span class='ocr_line' id='line_1_15' title="bbox 258 1020 1790 1092; baseline -0.004 -18"><span class='ocrx_word' id='word_1_107' title='bbox 258 1024 563 1092; x_wconf 86' lang='lat' dir='ltr'>participant,</span> <span class='ocrx_word' id='word_1_108' title='bbox 603 1023 651 1073; x_wconf 74' lang='lat' dir='ltr'>ut</span> <span class='ocrx_word' id='word_1_109' title='bbox 679 1038 935 1073; x_wconf 86' lang='lat' dir='ltr'>aromatum</span> <span class='ocrx_word' id='word_1_110' title='bbox 962 1024 1110 1073; x_wconf 82' lang='lat' dir='ltr'>radix.</span> <span class='ocrx_word' id='word_1_111' title='bbox 1181 1026 1299 1090; x_wconf 73' lang='lat' dir='ltr'>Qtae</span> <span class='ocrx_word' id='word_1_112' title='bbox 1334 1022 1516 1090; x_wconf 89' lang='lat' dir='ltr'>generis</span> <span class='ocrx_word' id='word_1_113' title='bbox 1550 1022 1597 1069; x_wconf 83' lang='lat' dir='ltr'>iu</span> <span class='ocrx_word' id='word_1_114' title='bbox 1629 1020 1790 1086; x_wconf 83' lang='lat' dir='ltr'>Nepo-</span> 
     </span>
     <span class='ocr_line' id='line_1_16' title="bbox 260 1085 1816 1160; baseline -0.005 -16"><span class='ocrx_word' id='word_1_115' title='bbox 260 1109 328 1144; x_wconf 87' lang='lat' dir='ltr'>tes</span> <span class='ocrx_word' id='word_1_116' title='bbox 364 1109 613 1160; x_wconf 85' lang='lat' dir='ltr'>propago:</span> <span class='ocrx_word' id='word_1_117' title='bbox 651 1093 870 1141; x_wconf 88' lang='lat' dir='ltr'>virtutum</span> <span class='ocrx_word' id='word_1_118' title='bbox 895 1091 991 1142; x_wconf 70' lang='lat' dir='ltr'>fere</span> <span class='ocrx_word' id='word_1_119' title='bbox 1019 1092 1222 1141; x_wconf 64' lang='lat' dir='ltr'>delestus</span> <span class='ocrx_word' id='word_1_120' title='bbox 1258 1090 1325 1140; x_wconf 89' lang='lat' dir='ltr'>est</span> <span class='ocrx_word' id='word_1_121' title='bbox 1357 1107 1569 1154; x_wconf 86' lang='lat' dir='ltr'>compar.</span> <span class='ocrx_word' id='word_1_122' title='bbox 1670 1085 1816 1154; x_wconf 84' lang='lat' dir='ltr'>Igue&#39;</span> 
     </span>
     <span class='ocr_line' id='line_1_17' title="bbox 261 1154 1832 1226; baseline -0.004 -14"><span class='ocrx_word' id='word_1_123' title='bbox 261 1161 379 1213; x_wconf 77' lang='lat' dir='ltr'>mhil</span> <span class='ocrx_word' id='word_1_124' title='bbox 401 1161 640 1226; x_wconf 83' lang='lat' dir='ltr'>potentius</span> <span class='ocrx_word' id='word_1_125' title='bbox 663 1173 847 1219; x_wconf 85' lang='lat' dir='ltr'>natura,</span> <span class='ocrx_word' id='word_1_126' title='bbox 883 1177 994 1210; x_wconf 86' lang='lat' dir='ltr'>auro</span> <span class='ocrx_word' id='word_1_127' title='bbox 1020 1159 1209 1210; x_wconf 83' lang='lat' dir='ltr'>censent</span> <span class='ocrx_word' id='word_1_128' title='bbox 1230 1159 1436 1221; x_wconf 84' lang='lat' dir='ltr'>metalla,</span> <span class='ocrx_word' id='word_1_129' title='bbox 1471 1160 1657 1207; x_wconf 81' lang='lat' dir='ltr'>flamma</span> <span class='ocrx_word' id='word_1_130' title='bbox 1674 1154 1790 1205; x_wconf 89' lang='lat' dir='ltr'>illud</span> <span class='ocrx_word' id='word_1_131' title='bbox 1810 1174 1832 1201; x_wconf 45' lang='grc' dir='ltr'>ἡ</span> 
     </span>
     <span class='ocr_line' id='line_1_18' title="bbox 259 1223 1832 1293; baseline -0.006 -13"><span class='ocrx_word' id='word_1_132' title='bbox 259 1230 581 1290; x_wconf 79' lang='lat' dir='ltr'>commendat,</span> <span class='ocrx_word' id='word_1_133' title='bbox 623 1225 674 1278; x_wconf 87' lang='lat'>&amp;</span> <span class='ocrx_word' id='word_1_134' title='bbox 700 1229 792 1277; x_wconf 88' lang='lat' dir='ltr'>vim</span> <span class='ocrx_word' id='word_1_135' title='bbox 815 1227 986 1293; x_wconf 83' lang='lat' dir='ltr'>praebet</span> <span class='ocrx_word' id='word_1_136' title='bbox 1003 1263 1015 1286; x_wconf 87' lang='lat'>‚</span> <span class='ocrx_word' id='word_1_137' title='bbox 1050 1229 1145 1278; x_wconf 77' lang='lat' dir='ltr'>haec</span> <span class='ocrx_word' id='word_1_138' title='bbox 1171 1229 1365 1277; x_wconf 82' lang='lat' dir='ltr'>flammae</span> <span class='ocrx_word' id='word_1_139' title='bbox 1383 1226 1429 1276; x_wconf 88' lang='lat' dir='ltr'>in</span> <span class='ocrx_word' id='word_1_140' title='bbox 1455 1223 1793 1276; x_wconf 84' lang='lat' dir='ltr'>visceribusna·</span> <span class='ocrx_word' id='word_1_141' title='bbox 1811 1232 1832 1271; x_wconf 76' lang='grc' dir='ltr'>ζ·</span> 
     </span>
     <span class='ocr_line' id='line_1_19' title="bbox 258 1291 1816 1364; baseline -0.008 -15"><span class='ocrx_word' id='word_1_142' title='bbox 258 1315 366 1349; x_wconf 78' lang='lat' dir='ltr'>turae</span> <span class='ocrx_word' id='word_1_143' title='bbox 397 1297 640 1364; x_wconf 84' lang='lat' dir='ltr'>coquentis</span> <span class='ocrx_word' id='word_1_144' title='bbox 675 1296 738 1345; x_wconf 86' lang='lat' dir='ltr'>est</span> <span class='ocrx_word' id='word_1_145' title='bbox 768 1313 956 1345; x_wconf 89' lang='lat' dir='ltr'>munus.</span> <span class='ocrx_word' id='word_1_146' title='bbox 1006 1295 1210 1346; x_wconf 79' lang='lat' dir='ltr'>Caelestis</span> <span class='ocrx_word' id='word_1_147' title='bbox 1233 1296 1354 1360; x_wconf 70' lang='lat' dir='ltr'>pene</span> <span class='ocrx_word' id='word_1_148' title='bbox 1379 1296 1515 1362; x_wconf 81' lang='lat' dir='ltr'>origo</span> <span class='ocrx_word' id='word_1_149' title='bbox 1542 1293 1605 1343; x_wconf 85' lang='lat' dir='ltr'>est</span> <span class='ocrx_word' id='word_1_150' title='bbox 1634 1291 1792 1352; x_wconf 84' lang='lat' dir='ltr'>nobili,</span> <span class='ocrx_word' id='word_1_151' title='bbox 1811 1317 1816 1344; x_wconf 74' lang='grc' dir='ltr'>τ,</span> 
     </span>
     <span class='ocr_line' id='line_1_20' title="bbox 260 1360 1832 1434; baseline -0.006 -17"><span class='ocrx_word' id='word_1_152' title='bbox 260 1369 393 1434; x_wconf 84' lang='lat' dir='ltr'>vigor</span> <span class='ocrx_word' id='word_1_153' title='bbox 414 1367 603 1432; x_wconf 56' lang='lat' dir='ltr'>igneum</span> <span class='ocrx_word' id='word_1_154' title='bbox 640 1363 750 1430; x_wconf 91' lang='lat' dir='ltr'>quid</span> <span class='ocrx_word' id='word_1_155' title='bbox 771 1364 858 1414; x_wconf 78' lang='lat' dir='ltr'>nisi</span> <span class='ocrx_word' id='word_1_156' title='bbox 891 1383 1022 1416; x_wconf 89' lang='lat' dir='ltr'>aurea</span> <span class='ocrx_word' id='word_1_157' title='bbox 1047 1365 1101 1414; x_wconf 89' lang='lat' dir='ltr'>ab</span> <span class='ocrx_word' id='word_1_158' title='bbox 1130 1364 1201 1416; x_wconf 88' lang='lat' dir='ltr'>his</span> <span class='ocrx_word' id='word_1_159' title='bbox 1218 1363 1501 1430; x_wconf 66' lang='lat' dir='ltr'>Reipublicae</span> <span class='ocrx_word' id='word_1_160' title='bbox 1526 1362 1662 1411; x_wconf 87' lang='lat' dir='ltr'>lustra</span> <span class='ocrx_word' id='word_1_161' title='bbox 1690 1360 1790 1427; x_wconf 86' lang='lat' dir='ltr'>spe·</span> <span class='ocrx_word' id='word_1_162' title='bbox 1830 1405 1832 1408; x_wconf 85' lang='grc'><em>,</em></span> 
     </span>
     <span class='ocr_line' id='line_1_21' title="bbox 259 1429 1813 1497; baseline -0.005 -12"><span class='ocrx_word' id='word_1_163' title='bbox 259 1435 443 1485; x_wconf 86' lang='lat' dir='ltr'>randa?</span> <span class='ocrx_word' id='word_1_164' title='bbox 478 1450 578 1482; x_wconf 87' lang='lat' dir='ltr'>non</span> <span class='ocrx_word' id='word_1_165' title='bbox 603 1431 841 1497; x_wconf 67' lang='lat' dir='ltr'>plebeium</span> <span class='ocrx_word' id='word_1_166' title='bbox 873 1433 961 1484; x_wconf 88' lang='lat' dir='ltr'>illis</span> <span class='ocrx_word' id='word_1_167' title='bbox 993 1436 1146 1484; x_wconf 89' lang='lat' dir='ltr'>lutum</span> <span class='ocrx_word' id='word_1_168' title='bbox 1173 1433 1410 1491; x_wconf 88' lang='lat' dir='ltr'>nativum,</span> <span class='ocrx_word' id='word_1_169' title='bbox 1455 1431 1634 1482; x_wconf 86' lang='lat' dir='ltr'>humile</span> <span class='ocrx_word' id='word_1_170' title='bbox 1656 1429 1813 1494; x_wconf 79' lang='lat' dir='ltr'>nihi1,j</span> 
     </span>
     <span class='ocr_line' id='line_1_22' title="bbox 259 1497 1790 1566; baseline -0.005 -14"><span class='ocrx_word' id='word_1_171' title='bbox 259 1517 337 1554; x_wconf 86' lang='lat' dir='ltr'>aut</span> <span class='ocrx_word' id='word_1_172' title='bbox 367 1500 607 1551; x_wconf 83' lang='lat' dir='ltr'>sordidum</span> <span class='ocrx_word' id='word_1_173' title='bbox 634 1500 832 1550; x_wconf 72' lang='lat' dir='ltr'>adhaeret</span> <span class='ocrx_word' id='word_1_174' title='bbox 860 1502 1022 1552; x_wconf 80' lang='lat' dir='ltr'>animae</span> <span class='ocrx_word' id='word_1_175' title='bbox 1041 1537 1053 1560; x_wconf 93' lang='lat'>,</span> <span class='ocrx_word' id='word_1_176' title='bbox 1090 1502 1342 1551; x_wconf 85' lang='lat' dir='ltr'>conamina</span> <span class='ocrx_word' id='word_1_177' title='bbox 1367 1518 1465 1551; x_wconf 88' lang='lat' dir='ltr'>non</span> <span class='ocrx_word' id='word_1_178' title='bbox 1501 1499 1590 1548; x_wconf 82' lang='lat' dir='ltr'>nisi</span> <span class='ocrx_word' id='word_1_179' title='bbox 1623 1497 1790 1566; x_wconf 84' lang='lat' dir='ltr'>grandi</span> 
     </span>
     <span class='ocr_line' id='line_1_23' title="bbox 255 1566 1815 1638; baseline -0.005 -15"><span class='ocrx_word' id='word_1_180' title='bbox 255 1570 535 1638; x_wconf 86' lang='lat' dir='ltr'>Reipublicae</span> <span class='ocrx_word' id='word_1_181' title='bbox 562 1567 822 1617; x_wconf 88' lang='lat' dir='ltr'>commodo</span> <span class='ocrx_word' id='word_1_182' title='bbox 847 1607 859 1632; x_wconf 84' lang='lat'>‚</span> <span class='ocrx_word' id='word_1_183' title='bbox 909 1569 1017 1635; x_wconf 90' lang='lat' dir='ltr'>quia</span> <span class='ocrx_word' id='word_1_184' title='bbox 1042 1568 1368 1618; x_wconf 81' lang='lat' dir='ltr'>honestissima.</span> <span class='ocrx_word' id='word_1_185' title='bbox 1450 1570 1519 1616; x_wconf 90' lang='lat' dir='ltr'>Ut</span> <span class='ocrx_word' id='word_1_186' title='bbox 1549 1566 1789 1632; x_wconf 85' lang='lat' dir='ltr'>speculum</span> <span class='ocrx_word' id='word_1_187' title='bbox 1814 1576 1815 1580; x_wconf 76' lang='grc'>’</span> 
     </span>
     <span class='ocr_line' id='line_1_24' title="bbox 258 1633 1816 1705; baseline -0.008 -15"><span class='ocrx_word' id='word_1_188' title='bbox 258 1657 431 1705; x_wconf 88' lang='lat' dir='ltr'>nempe</span> <span class='ocrx_word' id='word_1_189' title='bbox 458 1638 690 1691; x_wconf 73' lang='lat' dir='ltr'>Maior-um</span> <span class='ocrx_word' id='word_1_190' title='bbox 722 1634 830 1684; x_wconf 84' lang='lat' dir='ltr'>sunt</span> <span class='ocrx_word' id='word_1_191' title='bbox 864 1635 1062 1698; x_wconf 79' lang='lat' dir='ltr'>decora3</span> <span class='ocrx_word' id='word_1_192' title='bbox 1099 1637 1130 1686; x_wconf 83' lang='lat' dir='ltr'>fi</span> <span class='ocrx_word' id='word_1_193' title='bbox 1161 1634 1367 1686; x_wconf 81' lang='lat' dir='ltr'>fatiscere</span> <span class='ocrx_word' id='word_1_194' title='bbox 1410 1635 1548 1685; x_wconf 86' lang='lat' dir='ltr'>libeat</span> <span class='ocrx_word' id='word_1_195' title='bbox 1577 1671 1588 1693; x_wconf 88' lang='lat'>‚</span> <span class='ocrx_word' id='word_1_196' title='bbox 1639 1633 1816 1684; x_wconf 73' lang='lat' dir='ltr'>fiitura:</span> 
     </span>
     <span class='ocr_line' id='line_1_25' title="bbox 258 1701 1817 1771; baseline -0.003 -13"><span class='ocrx_word' id='word_1_197' title='bbox 258 1708 333 1758; x_wconf 90' lang='lat' dir='ltr'>seu</span> <span class='ocrx_word' id='word_1_198' title='bbox 355 1708 503 1758; x_wconf 84' lang='lat' dir='ltr'>calcar</span> <span class='ocrx_word' id='word_1_199' title='bbox 524 1704 701 1754; x_wconf 89' lang='lat' dir='ltr'>virtutis</span> <span class='ocrx_word' id='word_1_200' title='bbox 723 1737 738 1765; x_wconf 89' lang='lat'>,</span> <span class='ocrx_word' id='word_1_201' title='bbox 758 1701 835 1753; x_wconf 91' lang='lat' dir='ltr'>seu</span> <span class='ocrx_word' id='word_1_202' title='bbox 858 1721 997 1770; x_wconf 85' lang='lat' dir='ltr'>pcena</span> <span class='ocrx_word' id='word_1_203' title='bbox 1024 1704 1282 1771; x_wconf 82' lang='lat' dir='ltr'>opprobrii.</span> <span class='ocrx_word' id='word_1_204' title='bbox 1339 1704 1558 1755; x_wconf 83' lang='lat' dir='ltr'>Mensura</span> <span class='ocrx_word' id='word_1_205' title='bbox 1586 1702 1787 1752; x_wconf 74' lang='lat' dir='ltr'>filiorum</span> <span class='ocrx_word' id='word_1_206' title='bbox 1809 1747 1817 1753; x_wconf 87' lang='lat'>.</span> 
     </span>
     <span class='ocr_line' id='line_1_26' title="bbox 257 1770 1816 1843; baseline -0.004 -18"><span class='ocrx_word' id='word_1_207' title='bbox 257 1779 411 1826; x_wconf 88' lang='lat' dir='ltr'>Patres</span> <span class='ocrx_word' id='word_1_208' title='bbox 439 1772 556 1823; x_wconf 87' lang='lat' dir='ltr'>sunt.</span> <span class='ocrx_word' id='word_1_209' title='bbox 628 1773 864 1821; x_wconf 86' lang='lat' dir='ltr'>Virtutum</span> <span class='ocrx_word' id='word_1_210' title='bbox 902 1772 1162 1823; x_wconf 87' lang='lat' dir='ltr'>Primordia</span> <span class='ocrx_word' id='word_1_211' title='bbox 1190 1772 1314 1842; x_wconf 73' lang='lat' dir='ltr'>aegre</span> <span class='ocrx_word' id='word_1_212' title='bbox 1345 1774 1627 1843; x_wconf 84' lang='lat' dir='ltr'>degenerant</span> <span class='ocrx_word' id='word_1_213' title='bbox 1657 1770 1816 1821; x_wconf 68' lang='lat' dir='ltr'>invi-1</span> 
     </span>
     <span class='ocr_line' id='line_1_27' title="bbox 258 1838 1816 1908; baseline -0.004 -13"><span class='ocrx_word' id='word_1_214' title='bbox 258 1860 304 1895; x_wconf 83' lang='lat' dir='ltr'>ta</span> <span class='ocrx_word' id='word_1_215' title='bbox 323 1862 335 1903; x_wconf 79' lang='lat'>3</span> <span class='ocrx_word' id='word_1_216' title='bbox 356 1843 405 1893; x_wconf 74' lang='lat' dir='ltr'>ut</span> <span class='ocrx_word' id='word_1_217' title='bbox 423 1841 570 1892; x_wconf 85' lang='lat' dir='ltr'>nescit</span> <span class='ocrx_word' id='word_1_218' title='bbox 590 1839 876 1890; x_wconf 84' lang='lat' dir='ltr'>cinnamomi</span> <span class='ocrx_word' id='word_1_219' title='bbox 904 1841 1037 1891; x_wconf 80' lang='lat' dir='ltr'>radix</span> <span class='ocrx_word' id='word_1_220' title='bbox 1053 1843 1265 1908; x_wconf 83' lang='lat' dir='ltr'>viperas,</span> <span class='ocrx_word' id='word_1_221' title='bbox 1289 1838 1343 1890; x_wconf 87' lang='lat'>&amp;</span> <span class='ocrx_word' id='word_1_222' title='bbox 1371 1842 1583 1900; x_wconf 88' lang='lat' dir='ltr'>aconita,</span> <span class='ocrx_word' id='word_1_223' title='bbox 1608 1854 1684 1890; x_wconf 85' lang='lat' dir='ltr'>aut</span> <span class='ocrx_word' id='word_1_224' title='bbox 1698 1841 1786 1889; x_wconf 78' lang='lat' dir='ltr'>ale·</span> <span class='ocrx_word' id='word_1_225' title='bbox 1814 1860 1816 1862; x_wconf 93' lang='lat'>·</span> 
     </span>
     <span class='ocr_line' id='line_1_28' title="bbox 257 1908 1812 1976; baseline -0.003 -13"><span class='ocrx_word' id='word_1_226' title='bbox 257 1929 335 1970; x_wconf 82' lang='lat' dir='ltr'>re,</span> <span class='ocrx_word' id='word_1_227' title='bbox 371 1924 445 1960; x_wconf 89' lang='lat' dir='ltr'>aut</span> <span class='ocrx_word' id='word_1_228' title='bbox 463 1909 737 1976; x_wconf 85' lang='lat' dir='ltr'>germinare.</span> <span class='ocrx_word' id='word_1_229' title='bbox 791 1908 1026 1976; x_wconf 81' lang='lat' dir='ltr'>Quitepet</span> <span class='ocrx_word' id='word_1_230' title='bbox 1043 1911 1089 1959; x_wconf 90' lang='lat' dir='ltr'>in</span> <span class='ocrx_word' id='word_1_231' title='bbox 1107 1909 1274 1976; x_wconf 85' lang='lat' dir='ltr'>plebe,</span> <span class='ocrx_word' id='word_1_232' title='bbox 1310 1910 1447 1959; x_wconf 91' lang='lat' dir='ltr'>bullit</span> <span class='ocrx_word' id='word_1_233' title='bbox 1471 1909 1619 1959; x_wconf 89' lang='lat' dir='ltr'>nobili</span> <span class='ocrx_word' id='word_1_234' title='bbox 1636 1911 1682 1958; x_wconf 90' lang='lat' dir='ltr'>in</span> <span class='ocrx_word' id='word_1_235' title='bbox 1709 1925 1783 1958; x_wconf 90' lang='lat' dir='ltr'>ve·</span> <span class='ocrx_word' id='word_1_236' title='bbox 1809 1964 1812 1967; x_wconf 45' lang='grc'>,</span> 
     </span>
     <span class='ocr_line' id='line_1_29' title="bbox 256 1973 1808 2047; baseline -0.004 -17"><span class='ocrx_word' id='word_1_237' title='bbox 256 1998 317 2030; x_wconf 89' lang='lat' dir='ltr'>na</span> <span class='ocrx_word' id='word_1_238' title='bbox 337 1976 543 2046; x_wconf 73' lang='lat' dir='ltr'>(augui33</span> <span class='ocrx_word' id='word_1_239' title='bbox 579 1975 727 2025; x_wconf 82' lang='lat' dir='ltr'>satiari</span> <span class='ocrx_word' id='word_1_240' title='bbox 757 1976 937 2027; x_wconf 87' lang='lat' dir='ltr'>nescius</span> <span class='ocrx_word' id='word_1_241' title='bbox 962 2013 974 2037; x_wconf 82' lang='grc'>,</span> <span class='ocrx_word' id='word_1_242' title='bbox 1012 1978 1101 2028; x_wconf 77' lang='lat' dir='ltr'>nisi</span> <span class='ocrx_word' id='word_1_243' title='bbox 1140 1980 1246 2028; x_wconf 86' lang='lat' dir='ltr'>litro</span> <span class='ocrx_word' id='word_1_244' title='bbox 1278 1979 1556 2028; x_wconf 66' lang='lat' dir='ltr'>aeternitatis.</span> <span class='ocrx_word' id='word_1_245' title='bbox 1642 1973 1808 2047; x_wconf 65' lang='lat' dir='ltr'>Qod,</span> 
     </span>
     <span class='ocr_line' id='line_1_30' title="bbox 257 2044 1815 2115; baseline -0.003 -17"><span class='ocrx_word' id='word_1_246' title='bbox 257 2049 345 2098; x_wconf 67' lang='lat' dir='ltr'>hac</span> <span class='ocrx_word' id='word_1_247' title='bbox 373 2049 526 2096; x_wconf 87' lang='lat' dir='ltr'>minus</span> <span class='ocrx_word' id='word_1_248' title='bbox 551 2045 639 2103; x_wconf 86' lang='lat' dir='ltr'>est,</span> <span class='ocrx_word' id='word_1_249' title='bbox 674 2044 752 2104; x_wconf 90' lang='lat' dir='ltr'>se,</span> <span class='ocrx_word' id='word_1_250' title='bbox 790 2046 897 2111; x_wconf 90' lang='lat' dir='ltr'>quia</span> <span class='ocrx_word' id='word_1_251' title='bbox 922 2045 1100 2106; x_wconf 84' lang='lat' dir='ltr'>nobili,</span> <span class='ocrx_word' id='word_1_252' title='bbox 1139 2047 1386 2115; x_wconf 82' lang='lat' dir='ltr'>indignum</span> <span class='ocrx_word' id='word_1_253' title='bbox 1414 2061 1564 2105; x_wconf 84' lang='lat' dir='ltr'>ratus,</span> <span class='ocrx_word' id='word_1_254' title='bbox 1606 2046 1660 2096; x_wconf 88' lang='lat' dir='ltr'>ad</span> <span class='ocrx_word' id='word_1_255' title='bbox 1686 2046 1783 2095; x_wconf 82' lang='lat' dir='ltr'>vul-</span> <span class='ocrx_word' id='word_1_256' title='bbox 1812 2075 1815 2080; x_wconf 36' lang='grc' dir='ltr'><em>ι</em></span> 
     </span>
     <span class='ocr_line' id='line_1_31' title="bbox 288 2112 1783 2182; baseline 0 -19"><span class='ocrx_word' id='word_1_257' title='bbox 288 2117 305 2163; x_wconf 83' lang='lat' dir='ltr'>i</span> <span class='ocrx_word' id='word_1_258' title='bbox 325 2115 472 2166; x_wconf 79' lang='lat' dir='ltr'>scruta</span> <span class='ocrx_word' id='word_1_259' title='bbox 495 2113 795 2163; x_wconf 86' lang='lat' dir='ltr'>condemnat.</span> <span class='ocrx_word' id='word_1_260' title='bbox 863 2113 956 2164; x_wconf 86' lang='lat' dir='ltr'>Sed</span> <span class='ocrx_word' id='word_1_261' title='bbox 973 2112 1024 2164; x_wconf 69' lang='grc' dir='ltr'>ὃ(</span> <span class='ocrx_word' id='word_1_262' title='bbox 1042 2114 1071 2163; x_wconf 83' lang='lat' dir='ltr'>fi</span> <span class='ocrx_word' id='word_1_263' title='bbox 1091 2114 1262 2165; x_wconf 87' lang='lat' dir='ltr'>nobilis</span> <span class='ocrx_word' id='word_1_264' title='bbox 1284 2115 1577 2172; x_wconf 86' lang='lat' dir='ltr'>moderetur,</span> <span class='ocrx_word' id='word_1_265' title='bbox 1607 2114 1783 2182; x_wconf 80' lang='lat' dir='ltr'>glorio⁴</span> 
     </span>
     <span class='ocr_line' id='line_1_32' title="bbox 257 2135 1780 2242; baseline -0.003 -9"><span class='ocrx_word' id='word_1_266' title='bbox 257 2135 388 2234; x_wconf 50' lang='lat' dir='ltr'>{imi</span> <span class='ocrx_word' id='word_1_267' title='bbox 419 2184 605 2232; x_wconf 84' lang='lat' dir='ltr'>nomina</span> <span class='ocrx_word' id='word_1_268' title='bbox 629 2219 641 2242; x_wconf 93' lang='lat'>‚</span> <span class='ocrx_word' id='word_1_269' title='bbox 678 2179 923 2231; x_wconf 83' lang='lat' dir='ltr'>&amp;trabeas</span> <span class='ocrx_word' id='word_1_270' title='bbox 958 2197 1138 2232; x_wconf 85' lang='lat' dir='ltr'>veretur</span> <span class='ocrx_word' id='word_1_271' title='bbox 1163 2182 1376 2232; x_wconf 75' lang='lat' dir='ltr'>lacessere</span> <span class='ocrx_word' id='word_1_272' title='bbox 1407 2185 1612 2242; x_wconf 81' lang='lat' dir='ltr'>invidia3</span> <span class='ocrx_word' id='word_1_273' title='bbox 1649 2181 1780 2232; x_wconf 75' lang='lat' dir='ltr'>debi-</span> 
     </span>
     <span class='ocr_line' id='line_1_33' title="bbox 253 2247 1782 2319; baseline -0.001 -17"><span class='ocrx_word' id='word_1_274' title='bbox 253 2268 348 2302; x_wconf 86' lang='lat' dir='ltr'>tam</span> <span class='ocrx_word' id='word_1_275' title='bbox 367 2266 456 2300; x_wconf 86' lang='lat' dir='ltr'>rata</span> <span class='ocrx_word' id='word_1_276' title='bbox 486 2253 680 2317; x_wconf 82' lang='lat' dir='ltr'>gloriam</span> <span class='ocrx_word' id='word_1_277' title='bbox 695 2250 882 2309; x_wconf 80' lang='lat' dir='ltr'>animae,</span> <span class='ocrx_word' id='word_1_278' title='bbox 902 2267 1038 2314; x_wconf 82' lang='lat' dir='ltr'>quam</span> <span class='ocrx_word' id='word_1_279' title='bbox 1066 2247 1158 2314; x_wconf 76' lang='lat' dir='ltr'>ipsa</span> <span class='ocrx_word' id='word_1_280' title='bbox 1173 2249 1388 2300; x_wconf 86' lang='lat' dir='ltr'>nascendi</span> <span class='ocrx_word' id='word_1_281' title='bbox 1410 2251 1622 2302; x_wconf 85' lang='lat' dir='ltr'>conditio</span> <span class='ocrx_word' id='word_1_282' title='bbox 1645 2251 1782 2319; x_wconf 87' lang='lat' dir='ltr'>igno·</span> 
     </span>
     <span class='ocr_line' id='line_1_34' title="bbox 253 2316 1781 2386; baseline -0.001 -18"><span class='ocrx_word' id='word_1_283' title='bbox 253 2321 345 2370; x_wconf 85' lang='lat' dir='ltr'>bile</span> <span class='ocrx_word' id='word_1_284' title='bbox 373 2319 511 2384; x_wconf 81' lang='lat' dir='ltr'>super</span> <span class='ocrx_word' id='word_1_285' title='bbox 547 2320 712 2385; x_wconf 86' lang='lat' dir='ltr'>vulgus</span> <span class='ocrx_word' id='word_1_286' title='bbox 744 2316 855 2367; x_wconf 89' lang='lat' dir='ltr'>fecit</span> <span class='ocrx_word' id='word_1_287' title='bbox 888 2316 1149 2367; x_wconf 85' lang='lat' dir='ltr'>clarescere.</span> <span class='ocrx_word' id='word_1_288' title='bbox 1232 2318 1354 2386; x_wconf 72' lang='lat' dir='ltr'>Quis</span> <span class='ocrx_word' id='word_1_289' title='bbox 1399 2320 1521 2368; x_wconf 78' lang='lat' dir='ltr'>cuim</span> <span class='ocrx_word' id='word_1_290' title='bbox 1559 2319 1658 2369; x_wconf 81' lang='lat' dir='ltr'>nisi-</span> <span class='ocrx_word' id='word_1_291' title='bbox 1697 2317 1781 2367; x_wconf 85' lang='lat' dir='ltr'>de·</span> 
     </span>
     <span class='ocr_line' id='line_1_35' title="bbox 257 2385 1778 2451; baseline -0.002 -14"><span class='ocrx_word' id='word_1_292' title='bbox 257 2404 386 2437; x_wconf 87' lang='lat' dir='ltr'>mens</span> <span class='ocrx_word' id='word_1_293' title='bbox 417 2386 619 2436; x_wconf 83' lang='lat' dir='ltr'>invideat</span> <span class='ocrx_word' id='word_1_294' title='bbox 645 2386 802 2450; x_wconf 86' lang='lat' dir='ltr'>aquilae</span> <span class='ocrx_word' id='word_1_295' title='bbox 822 2420 835 2445; x_wconf 91' lang='lat'>‚</span> <span class='ocrx_word' id='word_1_296' title='bbox 874 2385 1004 2451; x_wconf 77' lang='lat' dir='ltr'>quod</span> <span class='ocrx_word' id='word_1_297' title='bbox 1040 2388 1158 2436; x_wconf 81' lang='lat' dir='ltr'>coelo</span> <span class='ocrx_word' id='word_1_298' title='bbox 1193 2389 1382 2446; x_wconf 86' lang='lat' dir='ltr'>aemula,</span> <span class='ocrx_word' id='word_1_299' title='bbox 1422 2386 1565 2438; x_wconf 84' lang='lat' dir='ltr'>solem</span> <span class='ocrx_word' id='word_1_300' title='bbox 1595 2389 1778 2436; x_wconf 85' lang='lat' dir='ltr'>irretor-</span> 
     </span>
     <span class='ocr_line' id='line_1_36' title="bbox 255 2453 1773 2521; baseline -0.001 -16"><span class='ocrx_word' id='word_1_301' title='bbox 255 2470 299 2506; x_wconf 83' lang='lat' dir='ltr'>ta</span> <span class='ocrx_word' id='word_1_302' title='bbox 329 2455 584 2505; x_wconf 86' lang='lat' dir='ltr'>sustineat?</span> <span class='ocrx_word' id='word_1_303' title='bbox 620 2455 743 2503; x_wconf 91' lang='lat' dir='ltr'>Non</span> <span class='ocrx_word' id='word_1_304' title='bbox 787 2453 911 2504; x_wconf 87' lang='lat' dir='ltr'>rodit</span> <span class='ocrx_word' id='word_1_305' title='bbox 946 2455 1061 2504; x_wconf 84' lang='lat' dir='ltr'>livor</span> <span class='ocrx_word' id='word_1_306' title='bbox 1103 2453 1266 2513; x_wconf 70' lang='lat' dir='ltr'>facile,</span> <span class='ocrx_word' id='word_1_307' title='bbox 1300 2456 1427 2521; x_wconf 87' lang='lat' dir='ltr'>quod</span> <span class='ocrx_word' id='word_1_308' title='bbox 1451 2458 1474 2504; x_wconf 71' lang='lat' dir='ltr'>a</span> <span class='ocrx_word' id='word_1_309' title='bbox 1506 2457 1634 2507; x_wconf 88' lang='lat' dir='ltr'>cuuis</span> <span class='ocrx_word' id='word_1_310' title='bbox 1660 2470 1773 2504; x_wconf 83' lang='lat' dir='ltr'>cum</span> 
     </span>
     <span class='ocr_line' id='line_1_37' title="bbox 254 2521 1772 2592; baseline -0.001 -18"><span class='ocrx_word' id='word_1_311' title='bbox 254 2523 474 2592; x_wconf 68' lang='lat' dir='ltr'>sauguine</span> <span class='ocrx_word' id='word_1_312' title='bbox 502 2521 741 2571; x_wconf 86' lang='lat' dir='ltr'>destinavit</span> <span class='ocrx_word' id='word_1_313' title='bbox 767 2521 1023 2573; x_wconf 64' lang='lat' dir='ltr'>haereditas·</span> <span class='ocrx_word' id='word_1_314' title='bbox 1091 2521 1186 2572; x_wconf 88' lang='lat' dir='ltr'>Ubi</span> <span class='ocrx_word' id='word_1_315' title='bbox 1211 2525 1453 2574; x_wconf 81' lang='lat' dir='ltr'>aemulandi</span> <span class='ocrx_word' id='word_1_316' title='bbox 1475 2523 1660 2573; x_wconf 87' lang='lat' dir='ltr'>libertas</span> <span class='ocrx_word' id='word_1_317' title='bbox 1689 2522 1772 2582; x_wconf 80' lang='lat' dir='ltr'>est,</span> 
     </span>
     <span class='ocr_line' id='line_1_38' title="bbox 254 2588 1775 2654; baseline -0.001 -14"><span class='ocrx_word' id='word_1_318' title='bbox 254 2592 316 2640; x_wconf 87' lang='lat' dir='ltr'>ibi</span> <span class='ocrx_word' id='word_1_319' title='bbox 346 2590 564 2640; x_wconf 77' lang='lat' dir='ltr'>duntaxat</span> <span class='ocrx_word' id='word_1_320' title='bbox 586 2589 648 2639; x_wconf 89' lang='lat' dir='ltr'>est</span> <span class='ocrx_word' id='word_1_321' title='bbox 678 2607 810 2639; x_wconf 87' lang='lat' dir='ltr'>arena</span> <span class='ocrx_word' id='word_1_322' title='bbox 838 2589 1035 2642; x_wconf 84' lang='lat' dir='ltr'>invidiae.</span> <span class='ocrx_word' id='word_1_323' title='bbox 1093 2591 1213 2640; x_wconf 87' lang='lat' dir='ltr'>Non</span> <span class='ocrx_word' id='word_1_324' title='bbox 1244 2591 1441 2654; x_wconf 87' lang='lat' dir='ltr'>decora,</span> <span class='ocrx_word' id='word_1_325' title='bbox 1478 2589 1555 2640; x_wconf 88' lang='lat' dir='ltr'>sed</span> <span class='ocrx_word' id='word_1_326' title='bbox 1586 2588 1775 2640; x_wconf 83' lang='lat' dir='ltr'>haercdi·</span> 
     </span>
     <span class='ocr_line' id='line_1_39' title="bbox 249 2655 1776 2726; baseline 0.001 -17"><span class='ocrx_word' id='word_1_327' title='bbox 249 2674 319 2709; x_wconf 82' lang='lat' dir='ltr'>tas</span> <span class='ocrx_word' id='word_1_328' title='bbox 351 2659 572 2708; x_wconf 82' lang='lat' dir='ltr'>nobilitati</span> <span class='ocrx_word' id='word_1_329' title='bbox 588 2655 690 2707; x_wconf 87' lang='lat' dir='ltr'>sunt</span> <span class='ocrx_word' id='word_1_330' title='bbox 712 2655 882 2717; x_wconf 77' lang='lat' dir='ltr'>fasces,</span> <span class='ocrx_word' id='word_1_331' title='bbox 921 2675 1149 2725; x_wconf 85' lang='lat' dir='ltr'>purpura,</span> <span class='ocrx_word' id='word_1_332' title='bbox 1183 2659 1377 2711; x_wconf 86' lang='lat' dir='ltr'>secures.</span> <span class='ocrx_word' id='word_1_333' title='bbox 1440 2660 1555 2708; x_wconf 86' lang='lat' dir='ltr'>Non</span> <span class='ocrx_word' id='word_1_334' title='bbox 1579 2671 1776 2726; x_wconf 74' lang='lat' dir='ltr'>gravant</span> 
     </span>
     <span class='ocr_line' id='line_1_40' title="bbox 252 2725 1771 2791; baseline 0.001 -16"><span class='ocrx_word' id='word_1_335' title='bbox 252 2725 614 2787; x_wconf 76' lang='lat' dir='ltr'>elementahaec,</span> <span class='ocrx_word' id='word_1_336' title='bbox 653 2725 822 2791; x_wconf 86' lang='lat' dir='ltr'>quibus</span> <span class='ocrx_word' id='word_1_337' title='bbox 848 2727 970 2777; x_wconf 88' lang='lat' dir='ltr'>orbis</span> <span class='ocrx_word' id='word_1_338' title='bbox 1005 2728 1199 2790; x_wconf 86' lang='lat' dir='ltr'>constat,</span> <span class='ocrx_word' id='word_1_339' title='bbox 1235 2742 1310 2777; x_wconf 87' lang='lat' dir='ltr'>aut</span> <span class='ocrx_word' id='word_1_340' title='bbox 1330 2725 1559 2787; x_wconf 83' lang='lat' dir='ltr'>nobilem,</span> <span class='ocrx_word' id='word_1_341' title='bbox 1595 2740 1672 2779; x_wconf 89' lang='lat' dir='ltr'>aut</span> <span class='ocrx_word' id='word_1_342' title='bbox 1698 2744 1771 2777; x_wconf 85' lang='lat' dir='ltr'>or·</span> 
     </span>
     <span class='ocr_line' id='line_1_41' title="bbox 254 2791 1770 2862; baseline 0.003 -19"><span class='ocrx_word' id='word_1_343' title='bbox 254 2795 362 2843; x_wconf 82' lang='lat' dir='ltr'>bem</span> <span class='ocrx_word' id='word_1_344' title='bbox 392 2793 569 2859; x_wconf 82' lang='lat' dir='ltr'>ipsum:</span> <span class='ocrx_word' id='word_1_345' title='bbox 608 2797 713 2859; x_wconf 84' lang='lat' dir='ltr'>quia</span> <span class='ocrx_word' id='word_1_346' title='bbox 746 2794 861 2843; x_wconf 87' lang='lat' dir='ltr'>dum</span> <span class='ocrx_word' id='word_1_347' title='bbox 884 2795 929 2844; x_wconf 88' lang='lat' dir='ltr'>in</span> <span class='ocrx_word' id='word_1_348' title='bbox 951 2812 1006 2846; x_wconf 87' lang='lat' dir='ltr'>eo</span> <span class='ocrx_word' id='word_1_349' title='bbox 1039 2795 1165 2859; x_wconf 85' lang='lat' dir='ltr'>sunt,</span> <span class='ocrx_word' id='word_1_350' title='bbox 1204 2798 1248 2845; x_wconf 85' lang='lat' dir='ltr'>iu</span> <span class='ocrx_word' id='word_1_351' title='bbox 1277 2791 1385 2845; x_wconf 84' lang='lat' dir='ltr'>loco</span> <span class='ocrx_word' id='word_1_352' title='bbox 1418 2793 1519 2846; x_wconf 90' lang='lat' dir='ltr'>sunt</span> <span class='ocrx_word' id='word_1_353' title='bbox 1556 2795 1770 2862; x_wconf 82' lang='lat' dir='ltr'>proprio·</span> 
     </span>
     <span class='ocr_line' id='line_1_42' title="bbox 1595 2864 1703 2912; baseline 0 0"><span class='ocrx_word' id='word_1_354' title='bbox 1595 2864 1703 2912; x_wconf 77' lang='lat' dir='ltr'>Suas</span> 
     </span>
    </p>
   </div>
  </div>
 </body>
</html>
