1832 3151
333 76 452 148 138
769 62 1338 159 &fficostgssgz

239 173 416 228 exedit,
451 168 626 220 tametsi
651 171 966 225 florenciffima
999 175 1049 225 fit
1093 174 1225 226 arbor
1256 175 1346 241 ipsa
1365 214 1379 238 ,
1414 175 1613 243 peffimis
1642 197 1755 233 nun·

238 259 372 309 quarn
417 241 578 289 meli-cis
613 241 822 292 imminet
854 242 1006 309 caeptis
1027 278 1039 302 ‚
1075 256 1125 293 ut
1154 244 1350 295 eandem
1383 258 1565 294 evertat.
1658 248 1754 309 Sic,

240 311 318 377 qni
341 307 694 372 Rempublicam
721 322 864 359 tentat
907 310 1104 375 elidere,
1157 312 1259 363 raro
1298 314 1563 378 Principem
1603 313 1750 380 ipsum

239 390 391 444 petet,
428 376 582 425 donec
609 376 710 426 ante
738 378 912 430 radices
935 378 1180 430 succiderit
1197 380 1270 439 ‚id
1292 381 1355 430 est
1374 381 1572 431 confilia.
1621 382 1754 433 Con-

238 446 340 496 iiliis
371 461 442 493 res
480 444 629 494 omnis
666 446 895 514 volvitur,-
944 448 995 496 ut
1039 446 1164 497 orbis
1202 450 1340 513 polis.
1419 449 1629 500 Infirmus
1673 450 1754 500 ubi

239 516 336 564 axis
372 514 470 573 est,
505 528 579 563 aut
620 512 709 562 ruit
737 547 752 572 ,
789 530 862 564 aut
899 514 1042 564 exitio
1087 516 1296 581 proxima
1325 519 1472 568 moles
1509 517 1587 566 est.
1656 518 1754 567 Sta-

238 597 340 632 reut
364 581 592 647 imperia,
627 581 827 647 pessimis
874 584 1011 632 etiam
1055 582 1306 648 gubernata
1356 583 1678 651 Principibus,
1721 586 1754 636 fi
1824 589 1832 633 ἑ

238 650 337 700 sors
383 651 544 700 eadem
586 648 757 700 beass'et
786 651 955 710 laetior,
1009 650 1208 702 consiliis
1241 651 1500 703 meliorum.
1583 656 1754 722 Magni
1826 682 1828 686 ·

238 719 436 786 legimus
459 716 598 766 hodie
623 721 827 769 nominis
862 721 1078 778 umbras,
1112 720 1219 784 quia
1250 719 1322 769 his
1349 717 1528 770 basibus
1553 725 1753 774 caruere.

238 789 390 855 Quam
419 785 527 835 felix
565 787 744 835 Roma!
783 788 893 837 dum
914 824 926 846 ,
964 787 1140 837 tametli
1176 805 1271 838 non
1301 787 1481 838 auditus
1503 824 1516 848 ‚
1551 791 1658 840 vixit
1692 804 1756 839 ta-

241 873 350 905 men
374 854 584 904 Seneca:
623 853 727 919 quia
759 857 962 920 quamvis
998 857 1136 920 pleno
1179 874 1276 906 non
1327 857 1505 906 licuerit
1546 858 1756 922 prodesse

241 923 427 973 arbitrio
445 941 462 981 3
499 921 732 988 Sapientia
763 936 937 972 tamem
959 926 1096 986 lecit,
1133 937 1184 974 ut
1221 922 1406 975 sentiret
1444 923 1601 985 orbis,
1639 927 1753 992 quid

238 992 414 1058 sapiens
445 989 494 1040 &
522 991 693 1055 probus
732 992 852 1042 malo
877 992 1013 1041 etiam
1042 988 1125 1041 sub
1151 991 1364 1057 Principe
1397 995 1562 1058 poffit;
1604 992 1635 1045 fi
1679 1010 1761 1047 ve.

241 1063 308 1120 lit.
377 1064 437 1111 At
471 1060 609 1125 quam
641 1059 841 1127 lugenda
881 1059 983 1110 orbi
1012 1060 1159 1126 patuit
1202 1059 1368 1119 scena,
1405 1060 1486 1109 ubi
1516 1078 1613 1111 non
1655 1062 1756 1112 auli

241 1129 461 1179 duntaxat
493 1166 505 1191 ‚
549 1129 622 1176 vel
672 1145 778 1177 aure
805 1127 1034 1194 Principis
1058 1163 1072 1188 ,
1109 1127 1186 1179 sed
1224 1130 1311 1179 vitfi
1348 1129 1512 1184 caruit.
1600 1129 1756 1194 Ustque

241 1198 358 1249 adeo
397 1213 555 1246 verum
580 1195 672 1256 est,
707 1195 897 1246 felicitas
929 1197 1124 1262 {publica
1164 1197 1309 1258 major
1359 1195 1461 1246 sum
1503 1196 1758 1263 proborum

239 1263 576 1317 Consulentfim
611 1262 820 1333 suffragia
843 1299 856 1324 ‚
892 1266 1034 1316 etiam
1058 1263 1136 1316 sub
1164 1265 1324 1332 iniquo
1347 1266 1565 1332 imperio,

596 1401 747 1464 PRo
791 1404 1000 1466 Bono
1050 1404 1454 1468 Punicum.

241 1553 430 1664 FElix
463 1556 726 1608 infelicitate
761 1555 836 1606 sufi
874 1556 936 1608 est
989 1572 1158 1621 corpus
1188 1590 1200 1614 ,
1262 1558 1336 1606 cui
1381 1557 1492 1605 dum
1536 1555 1759 1621 languent

357 1625 562 1676 membra
584 1666 595 1688 ,
632 1640 769 1703 caput
804 1627 942 1692 viget.
1014 1624 1175 1676 Defint
1201 1625 1387 1686 officia,
1424 1641 1519 1672 non
1543 1622 1666 1671 deest
1693 1637 1758 1671 ta·

241 1712 348 1744 men
381 1713 511 1744 mens
543 1710 752 1743 omnium
785 1693 1077 1742 moderatrix.
1147 1693 1378 1743 Acerbior
1413 1692 1572 1742 contra
1613 1689 1756 1755 pestis
1818 1743 1821 1746 ,

239 1764 362 1814 nulla
386 1803 398 1827 ‚
431 1780 484 1812 ae
514 1781 610 1828 quae
642 1762 698 1812 ab
727 1761 885 1810 affefto
909 1761 1058 1824 capite
1086 1776 1236 1810 manat
1265 1763 1309 1810 in
1345 1760 1567 1810 membra.
1644 1759 1755 1807 Hoc

239 1848 387 1881 unum
426 1832 631 1900 vigoris,
665 1831 767 1881 vitae
791 1865 804 1890 ,
841 1827 1112 1879 valetudinis
1156 1827 1263 1879 fons
1288 1829 1351 1880 est
1373 1865 1385 1889 ,
1433 1826 1485 1877 δί
1523 1825 1757 1875 delicium.

238 1900 490 1951 Calamitas
520 1939 532 1962 ,
569 1897 799 1956 deffifflrs,
833 1897 1018 1947 exitium
1045 1909 1166 1946 certa
1194 1895 1292 1948 fimt
1322 1896 1627 1964 Reipubiicae,
1679 1892 1757 1943 cui

240 1970 386 2018 malus
416 1970 645 2034 Princeps.
745 1966 969 2017 Acerbius
1011 1964 1156 2014 fatum
1193 1966 1348 2030 nequit
1391 1964 1574 2021 furere,
1617 1963 1758 2027 quam
1817 2008 1820 2017 ι

241 2037 274 2088 si
302 2037 394 2086 hoc
423 2035 555 2085 feriat
596 2035 801 2085 fulmine.
871 2032 1183 2084 Valemiffima
1224 2030 1565 2084 Consulentum
1613 2046 1760 2079 mem·

241 2102 323 2156 bra
351 2105 463 2173 quid
490 2119 628 2172 agant
656 2140 668 2164 ,
703 2103 790 2152 nisi
812 2101 857 2151 s'e
897 2117 945 2153 nt
977 2102 1198 2167 perdant,
1248 2101 1358 2151 dum
1391 2099 1549 2150 insanit
1590 2097 1754 2161 caput?
1816 2108 1819 2110 ’

237 2175 360 2225 Illud
394 2174 478 2236 est,
516 2172 640 2238 quod
674 2174 781 2222 cum
810 2170 995 2220 arbitrio
1027 2169 1195 2228 utitur,
1235 2187 1329 2218 non
1375 2183 1554 2217 ratione
1583 2203 1594 2225 ‚
1638 2164 1760 2229 opti·

241 2261 316 2293 ma
358 2243 496 2293 etiam
531 2240 783 2306 pessumdat
819 2238 998 2289 consilia
1025 2273 1037 2296 2
1078 2253 1126 2286 ut
1163 2236 1279 2286 adeo
1319 2236 1553 2300 corruptio
1588 2232 1754 2300 optimi

239 2329 337 2362 non
370 2310 460 2361 nisi
488 2309 674 2377 pessima
702 2307 794 2360 fiat.
862 2310 988 2356 Dum
1012 2307 1211 2364 contra,
1247 2304 1341 2355 esto
1379 2307 1497 2354 mala
1527 2302 1611 2351 sint
1645 2318 1758 2350 con-

239 2379 363 2442 filia,
404 2379 554 2429 bonus
592 2377 622 2425 fi
651 2376 729 2439 fit,
767 2376 842 2442 qni
872 2377 1095 2440 imperat,
1133 2386 1209 2423 aut
1240 2385 1345 2442 aget
1380 2371 1476 2436 ipse
1499 2408 1511 2430 ‚
1549 2371 1665 2420 coelo
1689 2367 1755 2416 fe·

239 2462 368 2498 rente
392 2445 654 2510 suppetias,
694 2460 768 2495 aut
802 2443 926 2494 certe
956 2442 1134 2491 effectui
1177 2458 1275 2491 non
1306 2440 1431 2490 dabit
1475 2437 1658 2490 consilia
1688 2433 1754 2485 sa·

240 2516 322 2567 luti
349 2515 546 2580 publicae
563 2510 820 2579 pernitiosa.
861 2506 1113 2562 Consultor
1135 2508 1228 2575 ipse
1258 2509 1335 2558 fibi
1357 2548 1369 2570 ‚
1405 2507 1455 2557 &
1477 2506 1625 2557 anima
1647 2520 1752 2553 exe-

240 2585 461 2635 cutionis.
532 2587 665 2631 Erret
711 2582 854 2632 Ccelo
903 2581 1118 2630 Saturnus
1149 2617 1161 2641 ‚
1198 2579 1415 2643 Jupiter,
1451 2589 1524 2624 aut
1561 2573 1746 2630 Venus3

242 2669 368 2703 rarus
394 2651 486 2714 est,
523 2652 599 2716 qui
624 2651 816 2700 Planetae
842 2647 1034 2698 minoris
1081 2662 1280 2696 errorem
1314 2645 1495 2701 sentiat,
1546 2640 1651 2705 quia
1682 2657 1753 2688 ra·

239 2741 316 2773 rus
347 2720 439 2779 est,
475 2720 550 2785 qui
578 2716 797 2768 observet.
879 2721 1012 2767 Erret
1051 2714 1117 2763 fol
1151 2731 1269 2764 unus
1298 2712 1398 2774 die,
1434 2714 1561 2759 Luna
1591 2707 1749 2767 nocie,

241 2791 369 2842 orbis
402 2788 554 2840 omnis
586 2787 880 2854 compatitur.
960 2783 1182 2834 Illustrior
1217 2783 1336 2833 nulla
1376 2779 1439 2831 est
1485 2777 1589 2894 sor}
1619 2775 1749 2853 'sorte

1594 2863 1682 2894 rin·
