1832 3151
317 100 403 172 64
731 83 1322 172 ἑὲὲθὲεὲϋῆἕέἓ

229 194 319 246 uisi
357 232 371 255 ,
436 204 545 240 cum
599 183 752 235 forma
783 218 794 241 ,
830 198 959 231 aetate
1006 197 1059 230 ac
1126 183 1296 230 viribus
1339 180 1557 246 corporis
1590 196 1754 234 ornare
1827 203 1832 233 :

232 261 368 314 cessat
389 273 562 310 natura.
618 258 743 304 Tum
771 252 943 300 maxim
954 268 970 295 s.
989 246 1129 297 sumit
1153 249 1438 299 incrementa
1459 251 1618 309 virtus,
1641 251 1750 300 cum

232 330 450 382 exhausta
469 324 622 390 prope
652 315 952 398 languescunt
972 316 1194 366 membra.
1250 322 1438 376 Mente,
1459 335 1556 368 nou
1581 317 1752 369 offibus

231 400 370 451 haeret
403 395 537 445 ratio.
578 389 870 454 Sapientiam
890 388 939 435 in
967 387 1207 448 juventute
1233 385 1496 437 defideras?
1534 384 1647 438 senii
1665 386 1773 436 dos⁴
1826 423 1832 434 -,

230 471 296 519 est
323 464 568 532 praecipua.
636 455 875 508 Dedissent
915 453 1077 518 Superi
1124 457 1134 504 Ξ
1171 471 1265 503 non
1295 471 1437 504 unum
1471 455 1642 524 Regnis
1676 453 1753 503 da·
1827 488 1832 492 -

230 552 333 587 tum
356 538 538 584 Icarum
569 564 582 588 ,
612 544 712 576 non
736 526 829 587 jam
853 519 1005 571 fabula
1036 559 1049 583 ‚
1075 517 1154 568 sed
1187 520 1288 569 fasti
1313 521 1555 573 censerent
1582 559 1594 582 ,
1633 523 1714 590 qui
1737 555 1752 581 ,

229 608 334 672 quia
365 594 636 668 praemature
660 592 823 654 levati,
847 588 892 639 se
920 589 1023 647 una,
1049 603 1101 637 ac
1122 586 1291 637 solium
1312 590 1621 654 perdiderunt.
1645 596 1749 641 Do·

232 672 431 723 ,naudus
459 664 566 716 ante
599 663 664 713 est
707 661 892 726 sonipes
924 695 935 718 ,
969 657 1110 722 quam
1139 654 1267 707 fraeni
1293 656 1470 706 nescius
1501 659 1750 726 gradiatur.

230 743 347 792 Non
385 731 683 803 petulcientis
728 728 825 778 haec
852 726 955 790 spes
988 726 1127 774 aetatis
1161 724 1239 774 est.
1311 725 1606 790 Experieutia
1636 765 1649 789 ,
1683 746 1751 779 re-

230 810 426 873 rumque
469 801 576 853 usus
617 798 709 850 nisi
735 798 918 845 clavum
943 792 1289 844 moderantibus
1317 809 1423 845 acus
1452 793 1505 843 fit
1540 798 1752 854 nautica3

233 877 412 945 syrteS,
451 888 505 920 ac
532 867 753 935 scopulos
785 858 1057 927 Respublica
1093 875 1280 912 metuat.
1352 865 1594 928 Tempore
1633 864 1752 914 stant

233 960 452 1010 utraque,
484 956 586 989 non
603 934 862 992 hodierno,
886 944 965 980 aut
995 929 1210 980 hesterno
1233 931 1455 980 duntaxat
1477 969 1490 993 ,
1523 927 1603 981 sed
1628 934 1753 982 lanu·

233 1016 394 1080 ginem
444 1006 627 1057 dudum
657 998 849 1053 emens-x
891 1000 1046 1051 aetatis.
1118 999 1360 1049 Silieernia
1393 998 1516 1048 dicat
1539 1000 1702 1069 vulgus
1740 1036 1752 1059 ‚

235 1095 309 1130 aut
333 1079 521 1136 sentiat,
562 1090 680 1152 quos
707 1085 811 1124 aetas
845 1085 921 1121 aut
954 1067 1076 1117 lassat
1098 1099 1112 1124 ,
1136 1066 1430 1135 autfrangit3
1465 1069 1622 1119 vident
1650 1087 1752 1119 acu-
1806 1106 1808 1117 ,

235 1150 328 1200 tius
356 1147 523 1197 mentis
550 1161 646 1194 acie
685 1181 700 1205 ‚
732 1138 863 1205 quod
893 1135 969 1187 alii
1002 1150 1104 1185 toto
1128 1135 1363 1186 intelleeru
1400 1154 1498 1187 non
1525 1138 1713 1203 capiunt
1745 1172 1759 1198 ‚

238 1220 328 1270 suis
362 1216 443 1284 ipfi
470 1213 623 1264 ufibus
647 1209 769 1260 doffl
792 1246 806 1270 ,
828 1204 939 1272 quid
968 1202 1048 1253 fibi
1081 1242 1093 1265 ,
1122 1206 1239 1270 quid
1282 1201 1370 1254 suis
1409 1244 1421 1267 ‚
1462 1206 1576 1269 quid
1609 1207 1758 1256 Patriae
1804 1206 1832 1246 '-.

237 1288 377 1354 profit
408 1321 420 1345 ‚
455 1284 695 1334 noeefitve.
745 1275 935 1326 Fruflus
961 1272 1123 1322 credas
1155 1309 1166 1333 ‚
1197 1290 1319 1339 quos
1364 1288 1520 1324 natura
1556 1288 1760 1325 maturos
1805 1283 1808 1344 J

234 1354 366 1418 ante,
397 1371 449 1403 ac
475 1349 681 1401 salubres
712 1363 810 1397 non
830 1342 1017 1411 gignit,
1058 1339 1135 1390 sed
1165 1341 1278 1391 dum
1315 1359 1423 1392 cura
1458 1342 1667 1406 putridos
1696 1342 1760 1392 fa.
1806 1359 1807 1365 κ
1825 1367 1832 1393 (-

239 1426 301 1475 cit
332 1463 343 1485 ,
370 1437 469 1473 tum
502 1417 706 1485 prosunt.
775 1416 828 1462 In
869 1408 1073 1477 Mespilo
1108 1444 1120 1468 ,
1172 1428 1226 1460 ac
1263 1408 1411 1461 sorbis
1453 1407 1611 1460 sermm
1651 1412 1758 1478 lege
1802 1457 1806 1466 ¹

238 1491 439 1543 consilia.
514 1485 698 1539 Eri-oris
731 1481 831 1530 haec
855 1479 950 1529 fere
977 1480 1179 1544 expertia
1209 1515 1219 1537 ‚
1249 1479 1356 1545 quia
1384 1493 1542 1529 carent
1575 1493 1760 1528 remei-1.
1802 1500 1832 1513 .-

237 1577 355 1617 tate3
385 1557 476 1608 fixo
497 1556 639 1608 aetatis
667 1592 680 1617 ,
714 1547 767 1599 &
792 1544 1045 1599 inconsulti
1087 1547 1264 1598 ardoris
1289 1549 1529 1597 Mercurio
1554 1564 1569 1607 5
1610 1550 1757 1601 licen.
1828 1572 1832 1598 3

237 1630 309 1682 tiae
326 1629 463 1677 limes
482 1626 670 1675 statutus
704 1618 768 1670 cst
787 1655 799 1679 ,
843 1617 959 1666 dum
988 1615 1068 1666 suo
1100 1615 1235 1666 doda
1265 1617 1338 1668 vel
1370 1618 1495 1666 malo
1530 1651 1542 1675 ,
1576 1618 1645 1666 vel
1673 1617 1759 1667 do·
1824 1635 1832 1666 :

239 1710 459 1751 cumemo
491 1692 680 1744 canities
702 1688 765 1737 est
790 1726 801 1748 ‚
839 1684 893 1734 ἃ
930 1685 955 1732 (ἶ
984 1684 1117 1732 malls
1156 1684 1358 1750 propriis
1389 1685 1514 1734 velut
1556 1683 1754 1735 totidem
1824 1704 1832 1715 ,

237 1767 379 1833 {pinis
400 1765 572 1814 frufilus
585 1755 824 1809 successori
842 1752 954 1821 legit
976 1751 1274 1810 dulciffimos,
1294 1754 1417 1821 leges
1437 1768 1607 1817 nempe
1621 1755 1758 1818 quam
1801 1767 1806 1818 j

240 1836 450 1900 optimas.
524 1827 705 1881 Calcari
723 1823 886 1891 gloriae
914 1835 1102 1887 urgetur
1119 1821 1346 1887 Juvenilis
1370 1821 1551 1871 indoles
1568 1854 1582 1882 ‚
1606 1838 1759 1887 neque
1818 1842 1832 1867 v;

245 1916 400 1964 curat,
439 1916 592 1965 neqne
627 1906 855 1962 praecavet
875 1891 1076 1940 crastina.
1146 1889 1351 1952 Subitis,
1385 1889 1532 1938 modo
1557 1890 1759 1956 gloriosa
1798 1902 1802 1925 ³

238 1970 357 2032 (int,
395 1986 494 2018 non
533 1963 785 2016 salubribus
833 1958 1031 2010 consiliis
1063 1958 1273 2023 rapitur;
1311 1958 1426 2006 dum
1451 1975 1603 2007 errore
1642 1956 1755 2021 suo,
1800 1983 1803 1986 ·

236 2038 515 2106 Reipublicae
538 2050 613 2084 aut
642 2030 878 2098 periculo,
894 2042 971 2078 aut
992 2027 1166 2077 damno
1187 2027 1470 2093 praecipitem
1494 2030 1651 2094 lugeat
1676 2030 1760 2078 im.

235 2124 414 2173 petum.
452 2103 673 2154 Gradario
694 2099 833 2149 fertur
857 2096 1031 2146 scnium
1062 2095 1184 2162 pede
1221 2135 1232 2159 ‚
1262 2111 1311 2146 ut
1343 2095 1469 2162 quod
1497 2113 1594 2144 nou
1623 2095 1759 2148 risum
1794 2105 1801 2136 ἰ

1820 2030 1832 2147 μᾈ-αμ
1827 1982 1832 2010 ρ
1827 1911 1832 1957 .-.„.

240 2175 418 2233 modo,
457 2169 763 2221 &blanditias
784 2199 801 2225 ,
830 2165 903 2214 sed
934 2163 987 2214 ὃς
1010 2165 1196 2214 dentem
1226 2164 1423 2214 fortunae
1445 2163 1670 2228 persensit.
1715 2173 1760 2217 A

243 2241 422 2294 senibus
447 2258 624 2292 nomen
648 2239 762 2287 mite
789 2236 984 2284 Senatus
1018 2233 1121 2281 tulit
1146 2232 1397 2300 Quiritum.
1431 2232 1599 2297 Neque
1617 2232 1759 2284 Athe·
1825 2258 1829 2268 .,

240 2330 306 2362 nae
327 2310 543 2362 Praetorio
568 2308 710 2370 digna
736 2300 952 2354 censuere
985 2298 1192 2359 consilia,
1216 2301 1306 2352 nisi
1332 2301 1472 2353 decas
1492 2316 1669 2368 integra
1688 2304 1775 2351 lu·-

234 2383 431 2432 strorum
458 2376 612 2429 exasta
634 2375 687 2426 fit
714 2368 1022 2424 consultandi.
1094 2372 1221 2419 Tum
1238 2371 1360 2419 enim
1384 2373 1492 2423 vero
1515 2371 1581 2420 est
1610 2374 1761 2425 acrior

243 2450 387 2501 menti
421 2443 632 2515 vigor&
671 2438 958 2493 consultandi
986 2439 1235 2504 pernicitas
1273 2475 1285 2498 ,
1323 2439 1437 2490 dum
1483 2439 1651 2490 tardior
1695 2444 1760 2495 est
1820 2459 1826 2475 -,

242 2515 480 2588 gradiendi
515 2514 718 2564 facultas.
765 2512 941 2576 Fruges
966 2510 1215 2559 Senatuum
1244 2509 1541 2567 consumere,
1575 2523 1647 2558 aut
1677 2529 1760 2561 nu-

238 2581 415 2638 merum
446 2583 596 2633 facere
628 2595 731 2647 apta
757 2580 820 2628 est
842 2581 1068 2640 juventus.
1138 2577 1244 2626 Zeri
1275 2574 1378 2628 sunt
1408 2580 1631 2644 Juveues,
1661 2580 1761 2630 uni.

240 2672 306 2707 tas
334 2654 452 2703 senis
487 2651 676 2712 alicujus
702 2647 856 2696 addita
885 2681 897 2704 ,
926 2645 1145 2695 omnibus
1172 2645 1246 2695 dat
1270 2648 1361 2694 vim
1389 2679 1400 2704 ,
1430 2646 1665 2712 vigorem,
1688 2664 1756 2696 fe,

243 2724 417 2794 gulam.
488 2717 707 2768 Errando
745 2713 936 2780 {discere
968 2717 1197 2782 Juveutus
1230 2714 1378 2762 debet.
1445 2714 1757 2769 Guberuand2

244 2794 390 2861 magis
417 2828 430 2854 a
469 2789 609 2857 quam
644 2783 921 2854 gubernans.
991 2781 1158 2836 Infelix
1199 2780 1463 2848 Respublica
1493 2822 1504 2844 ,
1539 2799 1636 2850 quae
1669 2781 1759 2837 suis

1601 2867 1699 2901 eru·
