1832 3151
517 106 1096 203 ἓῧὲἒ(0)ἓ<ἔὲ
1395 134 1476 181 2¹

32 219 81 269 in
108 219 275 285 plebe,
302 217 593 285 sacrilegium
620 218 670 268 in
699 218 933 284 Principe,
966 221 1110 270 veteri
1139 221 1366 286 Alphonsi
1386 221 1568 276 trutina·-

34 286 228 337 Causam
252 288 394 338 habe:
420 286 582 335 faedior
600 285 696 336 fere
725 288 789 336 est
808 288 986 336 macula
1000 324 1013 348 ,
1031 307 1131 355 quoe
1151 307 1405 357 purpuram
1426 291 1571 342 vitiat.

30 353 179 406 Labes
206 358 331 406 nulla
354 354 418 403 est
444 353 655 414 modica,
685 368 791 420 quae'
814 354 1041 406 adamanti
1064 358 1271 408 inuritur.
1343 361 1412 410 Os
1441 360 1569 412 Prin·

28 421 149 487 cipis
171 442 244 479 ara
270 422 324 473 fit
359 421 576 472 veritatis.
649 426 710 474 Et
741 423 937 473 merito:
969 425 1082 491 quid
1117 425 1241 476 enim
1267 425 1437 489 justum
1465 445 1569 479 non

29 490 115 542 etit
141 490 391 541 mendaci?
416 489 450 539 fi
483 490 607 542 fraus
645 491 811 541 decere
835 492 972 559 poffit
999 494 1264 558 Principem
1285 529 1301 556 ‚
1339 510 1391 546 ut
1430 497 1568 547 Rem-

27 557 259 625 publicam
287 557 434 609 servet
457 597 470 622 ,
512 574 562 609 ut
605 559 779 610 amicos
812 561 1049 613 conciliet.
1128 562 1363 629 Nunquid
1410 561 1563 629 spolia

27 623 123 693 ipsa
158 628 344 693 aequitas
371 628 413 677 ei
451 627 671 690 audient,
703 625 853 677 libido
884 629 1204 681 castimoniam
1230 631 1426 681 induet?
1448 633 1566 683 Tol-

28 696 70 744 le
97 692 235 744 fidem
267 696 420 746 verbis
452 695 705 761 Principis3
726 696 920 763 religio,
951 715 1071 762 pax,
1101 697 1299 763 faedera,
1333 715 1567 751 commer-

24 763 147 814 cium
168 764 353 830 generis
379 763 567 814 humani
600 765 835 814 convellis.
907 767 1024 834 Qae
1046 766 1171 817 enim
1196 781 1275 819 aut
1298 767 1566 832 authoritas,

2 871 8 879 ,.
29 846 106 881 aut
140 831 281 881 robur
309 832 560 883 mendaci?
589 833 746 885 Cessat
775 832 1031 885 authoritas
1048 867 1064 896 ,
1086 852 1194 886 cum
1220 853 1319 886 non
1340 850 1474 900 amat,
1487 838 1569 904 qui.

0 921 9 962 !³
25 899 223 966 imperat
243 936 255 960 ,
281 900 365 950 sed
399 900 591 968 decipit.
677 900 820 971 Quod
859 919 1009 968 porro
1040 902 1183 962 robur
1204 937 1219 964 ,
1261 904 1336 954 cui
1380 906 1513 958 uullae
1541 907 1568 956 a

0 966 240 1034 lsubjeciis
266 967 374 1020 fidei
409 970 569 1038 vices?
591 972 809 1039 Regnum
844 970 1028 1022 nullum
1052 970 1142 1023 {ine
1166 972 1333 1024 faedere
1365 985 1518 1023 tutum
1545 992 1560 1025 t

0 1034 124 1106 'aquis
154 1054 298 1103 porro
340 1038 596 1104 paciscatur
616 1037 784 1088 faedera
804 1037 981 1089 fallenti
1003 1039 1178 1091 fidem?
1205 1045 1564 1093 Documentum

8 1108 260 1173 'utriusque
292 1106 536 1157 Tiberium
575 1108 722 1157 Roma
750 1106 970 1171 dederat,
1001 1109 1094 1159 hac
1125 1109 1177 1159 in
1221 1108 1410 1161 fallendi
1435 1112 1568 1160 Palae-

8 1174 105 1226 'stra
131 1174 432 1245 Magistrum.
501 1173 551 1223 N
557 1190 620 1224 on
652 1175 760 1225 ante
789 1175 1046 1228 dedoc'tum
1070 1190 1145 1228 aut
1163 1176 1372 1237 discere,
1393 1192 1471 1227 aut
1486 1177 1571 1229 do·

7 1257 155 1304 teci-e,
191 1246 331 1310 quam
365 1244 476 1296 cum
509 1241 605 1293 fato
636 1242 718 1294 suo
749 1243 798 1294 in
826 1245 1075 1296 Gemoniis
1123 1242 1255 1296 scalis
1285 1244 1450 1296 orbem
1482 1245 1569 1296 do·

0 1310 148 1375 scuit,
180 1311 405 1380 sanguine
435 1312 628 1362 demum
660 1313 834 1378 expiari
865 1313 1061 1380 proprio
1083 1311 1296 1364 fraudem
1316 1354 1328 1377 ‚
1366 1331 1469 1380 quae
1490 1324 1572 1364 ue-

0 1376 130 1432 ifmini
149 1379 342 1432 suorum
374 1380 467 1432 fide
485 1380 624 1431 stetit.
706 1380 965 1446 Nunquam
995 1381 1098 1432 orbi
1128 1384 1275 1446 major
1299 1381 1569 1437 Franciseus

0 1441 115 1513 >tRex
148 1450 309 1502 Gauiae
342 1450 557 1516 primus,
593 1449 732 1517 quam
773 1450 883 1499 cum
906 1450 1099 1502 'Carolo
1134 1453 1327 1517 quinto,
1370 1452 1449 1503 cui
1476 1467 1563 1518 pet

0 1517 191 1573 isGallias
223 1517 790 1583 transeundipotestatem
820 1515 1111 1586 spopondit,
1132 1519 1444 1571 adulatoribus
1461 1536 1568 1570 non

0 1580 284 1655 'obaudiens
306 1625 317 1649 ,
343 1587 568 1639 libertatis
605 1585 909 1654 pauorstetit.
995 1587 1128 1638 Fidei
1157 1603 1302 1656 ruptae
1337 1590 1572 1639 maculam

19 1657 205 1706 nomini
226 1656 413 1708 Gallico
450 1655 522 1707 vel
554 1656 668 1706 tanti
693 1655 849 1706 aemuli
884 1655 1307 1722 comprehensione
1323 1673 1569 1723 nunquam

10 1728 176 1777 *volens
207 1726 418 1777 mercari
486 1724 735 1788 Sapienter
753 1723 1142 1775 Lacedaemmmm
1166 1725 1192 1776 ἐ
1223 1722 1474 1777 sententia:
1496 1724 1568 1785 ut,

0 1789 186 1858 iquibus
212 1794 331 1843 nihil
357 1792 469 1842 utile
496 1790 644 1842 visum
670 1827 682 1851 ,
733 1792 826 1841 nisi
851 1793 980 1856 quod
1007 1792 1256 1843 honestum
1273 1828 1286 1853 ‚
1322 1793 1574 1857 virtutique

0 1873 222 1911 icomes„
277 1859 601 1909 Helvetiorum
639 1862 844 1925 namque
877 1859 1016 1911 effato
1057 1860 1235 1925 veteri:
1280 1861 1480 1924 virtute,
1514 1857 1573 1909 &

0 1923 148 1985 effide,
179 1943 272 1975 non
301 1926 465 1976 fraude
503 1927 792 1977 contendere
830 1928 1089 1995 Principem
1121 1928 1274 1979 decet.
1359 1926 1573 1979 Ridicula

0 1995 125 2044 {orbi
163 1993 288 2043 foret
310 1994 528 2058 mutatio,
564 1993 597 2043 fi
623 1992 818 2046 Numen
848 1995 936 2046 effe
957 1997 1151 2047 Numen
1175 1995 1572 2063 defineret,quod

0 2059 70 2114 *ut
106 2061 233 2124 falli,
262 2060 319 2112 fic
344 2062 504 2113 fallere
533 2061 736 2114 nescium
770 2062 816 2113 se
834 2062 923 2116 hac
955 2064 1069 2116 dote
1103 2063 1327 2130 spoliaret
1361 2062 1569 2132 teo-ipse,

0 2130 151 2197 ·qu‹⁸)d
185 2130 346 2181 orbem
369 2132 618 2183 mendacio
646 2132 842 2183 luderet.
910 2135 1065 2183 Deum
1097 2130 1224 2184 sacra
1244 2134 1417 2201 pagina
1439 2131 1570 2184 Prin·

0 2227 3 2242 ι
28 2201 181 2266 cipem
204 2191 346 2248 dicits
402 2203 464 2249 Et
496 2201 636 2263 hujus
655 2200 793 2250 verba
813 2200 1026 2253 fraudem
1049 2199 1278 2252 subeant?
1299 2200 1420 2253 Sane
1438 2200 1570 2253 Prin·

2 2285 169 2334 ceps,
206 2269 338 2333 qnod
368 2269 460 2328 cst,
492 2269 581 2320 esse
616 2268 806 2329 definit,
844 2270 954 2321 eum
983 2270 1118 2321 fallit.
1190 2269 1391 2321 Simiam
1410 2270 1461 2322 in
1498 2267 1571 2319 so-

25 2335 86 2386 lio
113 2338 270 2386 ludens
312 2342 619 2402 permutatam.
710 2337 872 2387 Exitio
899 2337 1073 2407 dignus
1111 2340 1212 2403 jure
1243 2338 1458 2405 estsqui
1489 2354 1572 2389 co·

20 2405 179 2455 renato
209 2405 414 2470 imponit
446 2406 636 2464 vertici3
674 2404 848 2472 duplici
879 2407 1009 2458 ruina
1044 2407 1265 2476 dignior,
1292 2406 1388 2472 *qtii
1423 2422 1567 2474 quam

27 2471 177 2522 deberi
206 2471 284 2520 fibi
309 2471 453 2523 fidem
486 2474 731 2534 existimat,
780 2471 991 2525 (imulare
1021 2476 1118 2525 aliis
1147 2475 1216 2523 n'il
1248 2472 1377 2539 pensi
1404 2475 1566 2525 habet.

27 2538 293 2606 Commune
327 2540 372 2589 id
399 2540 529 2591 orbis
559 2542 742 2603 vitium,
778 2558 834 2591 an
851 2541 1080 2604 judicium
1107 2541 1204 2592 est:
1231 2539 1393 2592 Nemo
1422 2560 1568 2606 nega·

0 2603 74 2657 *re
96 2609 287 2671 metuit,
319 2609 440 2674 quod
470 2608 561 2658 dari
594 2607 675 2657 fibi
705 2607 827 2658 sach
862 2627 960 2661 non
991 2609 1157 2662 cernit.
1231 2607 1368 2661 Echo
1401 2612 1564 2677 paffim

29 2672 128 2728 sunt
157 2677 319 2745 lingua:
350 2674 399 2725 ἃ
433 2678 618 2742 peoora
650 2678 1004 2744 cum-Principe
1041 2678 1296 2748 agentium.
1377 2677 1565 2729 insonet

29 2745 221 2802 candor,
254 2745 470 2795 reddetur
493 2746 652 2807 idem,
694 2744 769 2796 seu
799 2747 1072 2799 verecundia
1113 2745 1439 2812 discrepandi,
1488 2744 1564 2796 seu

35 2827 158 2877 metu
191 2810 476 2879 ὀίἧὴἰςεηάὶ.
542 2812 733 2867 Clamet
758 2813 1045 2932 .⁶}31¹Plici¹³s›
1087 2814 1248 2866 eadem
1272 2814 1566 2930 reclamzdiglgin

24 2913 26 2918 ’
851 2895 874 2942 3
