1832 3151
532 101 672 188 a&
717 109 746 182 (
793 121 835 166 0
882 106 912 180 )
962 102 1102 189 ἓδὲἤέἒ
1390 116 1471 173 61

42 226 104 280 ge
124 209 334 262 vitiosam
357 210 473 262 hanc
513 209 807 278 gubernandi
835 211 1061 262 rationem
1097 247 1108 269 ‚
1146 209 1200 262 δί
1240 212 1357 267 sicut
1379 218 1562 278 decoris

40 280 198 328 omnis
225 321 235 343 ‚
270 282 330 328 ita
364 280 584 346 aequitatis
612 278 748 328 laude
776 293 1005 328 carentem
1049 288 1361 336 communiter.
1401 285 1403 287 ¹
1437 290 1558 341 Com-

1 386 3 402 2
43 351 248 397 maniter
267 349 402 407 dIc‘03
434 347 524 397 scio
559 347 684 398 enim
709 346 965 397 barbariem
993 347 1084 397 effe
1119 362 1293 402 tantam
1322 361 1557 411 nonnullis

0 427 3 463 ῐ
41 417 270 467 Gentibus
291 454 303 476 ‚
337 430 391 465 ut
432 435 488 466 ex
515 417 667 466 nativa
700 416 962 481 stupiditate
989 416 1166 486 ingenii
1204 420 1261 469 ad
1291 419 1558 478 servitutem

0 498 2 526 i
40 486 190 552 redigi
215 484 268 535 &
302 483 532 544 debeant,
559 481 610 532 δί
642 485 830 551 possint.
902 485 1024 552 Quia
1051 500 1207 536 tamen
1245 494 1558 548 communiter

0 573 1 578 ¹
38 553 173 601 multi
195 553 337 603 etiam
371 554 513 604 libere
540 553 737 603 dedititii
775 549 912 618 sunt,
950 554 1010 604 ad
1045 553 1323 607 fraenandam
1363 577 1555 628 gentem

0 630 2 637 ’
33 618 253 670 domandi
282 619 388 672 sunt
405 622 564 689 pauci,
592 639 792 688 quorum
822 624 1117 672 contumacia
1146 624 1192 673 id
1219 642 1450 688 meretur3
1480 649 1560 685 σεε-

0 711 1 714 “
36 689 121 739 teri
155 687 250 742 fere
284 693 457 760 Regem
488 692 679 741 sentiant
700 726 714 752 ‚
738 688 813 741 sed
838 688 1128 759 benignitate
1155 692 1510 760 gubernantem.

131 827 576 915 QUAESTIO
642 826 1460 911 ETcho-POLITICA.

370 961 521 1051 Qae
547 977 684 1028 aetas
713 955 941 1045 regendo
980 960 1161 1041 aptior
1191 955 1223 1017 ἒ

550 1096 1031 1178 JuVENTuS.

141 1220 313 1272 Effime
335 1221 501 1272 fanoni
532 1219 780 1286 congruit,
817 1231 894 1270 aut
934 1215 1036 1267 orbi
1071 1218 1271 1272 consulit
1297 1258 1310 1282 ,
1343 1225 1425 1288 qui
1469 1225 1552 1276 sta·

29 1228 140 1393 P
176 1295 272 1339 tera
300 1290 399 1357 pari
425 1289 568 1358 exigit
598 1289 770 1338 omnia.
841 1287 957 1338 Non
987 1287 1141 1339 omnis
1165 1289 1252 1341 fert
1280 1293 1436 1342 omnia
1475 1298 1558 1346 tel-

178 1359 283 1417 lus,
317 1376 410 1408 nee
446 1359 604 1407 omnia
631 1356 867 1423 possumus
925 1371 1103 1407 omnes.
1171 1361 1412 1427 Iuaequalia
1449 1361 1553 1415 sunt

2 1429 155 1480 orbis
195 1428 394 1492 partium
430 1425 664 1493 pondera,
688 1442 819 1491 pares
850 1423 1052 1474 molibus
1086 1424 1280 1478 humeri.
1320 1428 1447 1497 Quid
1480 1451 1554 1482 va-

27 1499 148 1548 leant
184 1495 395 1560 humeri,
422 1493 719 1561 speRandum
753 1492 942 1561 lingulis
967 1492 1243 1545 inclamabat
1273 1501 1552 1564 antiquitas3

26 1564 263 1616 audivisset
301 1564 535 1615 monitum
579 1561 782 1612 Phae'ton
808 1597 820 1620 ‚
848 1561 966 1611 male
1002 1561 1219 1615 consultis
1250 1567 1392 1616 Patris
1418 1567 1554 1620 habe-

1 1636 100 1686 ‘nis
130 1633 291 1683 orbem
319 1651 414 1684 non
444 1630 713 1684 involvisset.
782 1634 918 1681 Anne
945 1643 1102 1680 tamen
1141 1635 1213 1683 vel
1246 1636 1302 1684 eo
1337 1637 1549 1696 juventus

2 1702 218 1769 ,sceptris
253 1700 530 1770 indignior?
593 1699 717 1750 abfit.
787 1697 1018 1748 Graudius
1056 1701 1246 1765 pondus
1290 1703 1552 1757 diademate

2 1772 150 1822 orbis
173 1788 272 1822 nou
293 1770 459 1828 habet3
487 1788 552 1822 vae
576 1805 590 1831 ‚
612 1770 644 1819 fi
662 1767 855 1818 infirma:
888 1765 976 1816 bafi
1004 1767 1227 1819 credatur.
1296 1775 1428 1824 Male
1465 1794 1553 1843 pu.

0 1853 97 1891 >tre
125 1841 303 1890 molem
341 1838 539 1889 sustinet.
614 1841 728 1887 Non
761 1833 1038 1900 occupando
1065 1874 1077 1897 ‚
1111 1834 1187 1886 sed
1234 1841 1550 1907 opprimendo

0 1938 2 1954 r
27 1908 92 1958 est
113 1908 241 1958 senio
275 1908 491 1956 machina
514 1946 524 1967 ,
565 1924 665 1972 quae
701 1922 803 1954 non
830 1903 922 1954 nisi
941 1905 1221 1955 Herculeum
1247 1911 1365 1974 petit
1391 1911 1513 1965 latus
1536 1954 1548 1977 ‚

23 1974 77 2024 &
105 1991 330 2025 mentem.
403 1976 447 2024 Si
469 1973 645 2024 fatiscat
672 1976 892 2039 Princeps
919 1987 1116 2037 corpore
1147 2011 1158 2033 ,
1194 1995 1356 2042 parum
1384 1979 1516 2031 distat
1537 2023 1549 2044 Ἄ

25 2045 139 2110 quin
160 2041 335 2094 fatiscat
360 2040 412 2091 &
440 2058 612 2093 mente.
681 2050 834 2110 Agere
857 2040 995 2091 fortia
1017 2039 1067 2090 δί
1105 2043 1218 2093 dura
1247 2049 1373 2112 pati,
1418 2047 1466 2100 se
1494 2050 1548 2100 ὅ(

25 2113 168 2175 velle,
203 2111 254 2160 ἃ
279 2110 404 2177 posse
437 2110 604 2162 doceat
630 2146 643 2170 ‚
666 2113 746 2176 qui
768 2126 968 2178 magnus
1003 2108 1090 2161 effe
1123 2110 1245 2163 fama
1272 2132 1288 2174 3
1328 2114 1379 2164 ἃ
1410 2118 1548 2184 gestis

28 2182 156 2247 cupit
188 2178 374 2240 audire,
398 2181 451 2231 ut
476 2181 538 2231 est
558 2179 693 2231 solio.
742 2184 806 2231 At
833 2178 946 2245 quid
972 2178 1147 2230 horum
1182 2195 1260 2231 aut
1301 2185 1409 2234 velit
1428 2219 1440 2243 ‚
1471 2202 1548 2237 aut

27 2249 137 2299 cum
169 2250 304 2308 velit,
333 2249 468 2315 poffit
498 2250 564 2309 is,
604 2250 800 2299 cuiaetas
826 2247 1009 2297 ruinam
1043 2250 1280 2301 minatur?
1313 2253 1364 2301 ut
1381 2253 1551 2304 Paridis

31 2334 233 2382 pomum
255 2352 267 2376 ‚
296 2316 359 2366 fic
397 2318 590 2383 imperia
625 2357 638 2381 ,
669 2317 882 2387 gentium
927 2313 1119 2367 abritrio
1143 2354 1156 2378 ,
1197 2319 1392 2387 vectigal
1424 2337 1550 2373 erant

32 2385 241 2437 florentis
265 2387 420 2453 gloriae
444 2422 455 2445 ,
481 2385 531 2435 &
570 2385 868 2436 fortitudinis.
939 2384 1077 2452 Qtafi
1123 2388 1234 2438 vero
1263 2405 1361 2438 non
1394 2387 1548 2442 solum

28 2454 207 2503 virtutis
238 2489 251 2513 ,
281 2452 358 2504 sed
395 2452 444 2502 ἃ
470 2454 671 2524 vigentis
708 2452 995 2503 fortitudinis
1024 2456 1188 2505 atrium
1220 2457 1414 2524 gradum
1443 2461 1549 2510 ster·

27 2536 102 2571 nat
132 2523 188 2574 ad
223 2524 452 2588 templum
484 2521 738 2585 Majestatis
766 2520 1020 2589 regnantis.
1080 2526 1142 2573 Et
1174 2523 1313 2574 bene.
1345 2528 1550 2596 Vigeant

27 2589 72 2637 in
99 2592 230 2642 venis
273 2590 493 2658 spiritus3
537 2590 589 2640 ut
616 2606 786 2656 corpus
817 2590 966 2640 anim‘a
1006 2623 1023 2653 ‚
1067 2588 1126 2641 fic
1160 2593 1206 2645 vi
1244 2592 1341 2642 ebit
1377 2598 1544 2648 virtute

26 2655 308 2725 Respublica.
378 2660 636 2718 Securitas,
662 2660 831 2719 decus,
854 2658 1194 2709 incrementum
1233 2661 1387 2712 rufius
1415 2679 1551 2715 erunt

29 2726 293 2790 Juventutis
305 2730 558 2796 regnantis·
625 2731 864 2794 Langueat
883 2728 1042 2776 contra
1070 2741 1234 2793 caput3
1258 2729 1311 2779 ut
1335 2728 1546 2784 senthus

26 2791 121 2843 fere
153 2795 216 2845 est
247 2797 438 2849 morbus
458 2836 471 2860 ‚
500 2795 766 2849 flaccescaut
807 2794 969 2847 omnia
1000 2809 1204 2862 oportet.
1274 2796 1357 2846 Sin
1387 2800 1542 2856 cadat,v

1364 2880 1468 2916 utu*
