1832 3151
318 131 392 184 52
714 101 1293 190 ἓὲἕέ(0>ἓξ<ἐὲ

229 218 365 284 Saepe
401 213 541 266 animi
565 211 655 263 soli
684 214 869 264 animos
891 213 1163 281 eripuerunt
1198 212 1427 264 hostibus.
1516 215 1730 281 Languet
1758 249 1770 272 ‚

228 287 343 339 dum
377 284 614 335 ardentem
647 281 845 349 spectat,
870 284 947 331 vel
973 280 1096 331 certe
1133 283 1372 332 hebetatur
1391 285 1604 346 impetus.
1674 286 1774 332 Lux

226 356 389 421 gloriae
418 351 470 402 <St
497 351 688 401 honoris
714 352 882 401 clarior
901 349 1067 399 nullibi
1086 385 1099 411 ,
1131 354 1271 416 quam
1311 350 1424 399 dum
1457 350 1631 399 umbrae
1675 349 1775 399 smi-

195 442 199 443 ’
225 423 306 472 stri
333 422 482 472 metus
507 421 753 469 calcantur.
821 419 1068 469 AEternitas
1095 420 1284 485 gloriae,
1315 418 1368 468 ἃ
1396 417 1646 467 nominisfi
1671 436 1774 466 cor-

227 491 279 540 di
311 490 389 554 fit,
423 504 651 541 terrorem
686 486 900 553 profliga.
969 491 1015 537 A
1042 487 1305 554 grandibus
1331 487 1488 551 caeptis
1512 486 1774 552 qubdmul-

227 559 263 608 ti
306 558 604 614 desciverint,
638 556 735 606 haec
758 555 898 620 pestis
929 555 1098 603 effecit.
1170 555 1481 623 Defignabant
1506 570 1658 606 mente
1692 556 1773 604 he-

226 645 363 678 roum
398 625 644 694 prodigia,
684 624 760 673 vix
809 623 996 689 pumilo
1038 621 1235 673 subinde
1275 641 1427 688 pares.
1496 631 1652 675 Aurea
1689 641 1773 688 per

225 696 509 746 fortunatam
534 692 822 742 (Jolchidem
853 693 1020 743 vellera
1048 709 1290 758 nunquam
1319 692 1497 743 vidisset
1537 690 1701 759 jason,
1739 693 1773 742 {i

223 769 330 816 aura
353 765 512 831 quavis
536 760 783 811 abstractus
806 759 1007 810 ceffiffet.
1079 761 1337 827 Nunquam
1372 761 1500 826 quies
1533 778 1770 811 commen-

222 834 302 884 dat
333 833 558 901 pugilem.
633 832 762 879 Dum
794 826 953 879 secura
975 830 1085 877 loco
1115 829 1199 878 stat
1226 830 1351 889 alea,
1388 829 1527 878 etiam
1549 832 1770 898 Mytecus

220 903 359 970 ignes
387 903 571 961 ructats
589 896 643 947 &
663 898 832 963 praelia.
898 900 1025 948 Inter
1058 897 1265 961 pericula
1281 930 1299 957 ‚
1324 910 1403 946 aut
1435 897 1684 948 constantia
1703 900 1771 961 ja.

218 972 284 1022 cit
318 971 599 1030 anchoram,
627 979 703 1015 aut
723 969 873 1028 maj0r
906 964 1129 1015 omnibus
1167 966 1291 1015 cadit
1310 965 1472 1017 heros.
1544 968 1769 1017 Incudem

218 1039 384 1107 fatigat
409 1038 590 1089 adamas
611 1073 623 1097 ,
662 1033 841 1084 arundo
875 1031 927 1082 St
955 1033 1123 1099 stipula
1163 1034 1290 1083 cedit
1318 1050 1451 1083 amae.
1531 1035 1721 1084 Audere
1748 1075 1762 1098 ‚

217 1106 315 1158 fere
346 1106 411 1157 est
441 1108 635 1157 vincere.
717 1102 916 1166 Superat
944 1101 995 1150 ut
1017 1101 1170 1153 minus
1205 1102 1362 1152 animo
1405 1100 1587 1152 hostem
1606 1141 1617 1163 ‚
1648 1104 1767 1168 quis--

219 1176 325 1242 quis
363 1175 521 1224 Patriae
560 1171 711 1228 cadit3
750 1172 903 1232 jacet3
943 1171 1156 1236 quisquis
1200 1170 1336 1238 fugit.
1415 1171 1637 1222 Virorum
1667 1173 1765 1224 haec

218 1245 405 1313 glorias
441 1255 520 1300 aut
548 1238 614 1293 sta
630 1278 646 1308 2
680 1252 760 1301 aut
792 1237 922 1292 cade.
1745 1261 1748 1265 ·

1373 2840 1629 2926 Quffi.
