1832 3151
503 97 644 181 {Q
690 94 727 180 <
773 115 815 160 0
861 97 895 181 >
942 96 1084 182 Q&
1400 113 1472 175 57

26 204 222 270 pecunia
256 202 414 256 crescit
437 237 452 262 ‚
493 221 553 254 en
582 217 723 271 typus
755 204 936 254 amoris.
1028 201 1161 252 Nulla
1193 201 1310 250 inter
1346 200 1560 250 homines

29 274 237 324 conditio
269 291 363 323 non
391 271 614 321 sexcentis
646 271 849 321 obnoxia
878 271 1124 338 procellis3
1159 269 1216 320 eo
1245 269 1454 318 acerbius
1492 266 1563 317 sae-

28 341 92 389 vit
122 339 236 403 sors,
262 342 352 406 quo
380 341 554 389 mitiori
578 340 757 391 turbine
783 342 956 406 premit·
979 336 1173 390 carbasa.
1260 341 1322 386 Et
1354 335 1566 388 coronati

28 414 216 458 vertices
242 421 380 476 egent
415 407 599 458 officiis.
690 411 894 460 Alternis
931 406 1155 465 blandiri,
1192 403 1244 456 &
1270 406 1423 455 saevire
1458 421 1568 473 gau-

29 474 106 524 det
135 477 345 535 fortuna3
370 494 509 527 nemo
541 480 750 527 exomni
781 493 909 543 parte
933 475 1108 536 beatus,
1130 475 1280 524 donec
1303 477 1421 524 inter
1445 489 1587 539 mor--

31 543 453 602 tales‚censendus.
537 545 679 595 Nulla
708 560 882 595 tantam
915 545 964 594 in
993 544 1166 594 rabiem
1205 541 1405 592 firmiora
1433 558 1568 607 repa-

30 611 164 678 gula,
191 630 242 661 ac
270 612 477 662 faederata
509 631 669 664 manus
695 615 949 664 amantum.
1017 610 1147 662 Abfit
1176 612 1371 678 Pylades
1388 645 1400 668 ,
1428 608 1573 658 aderit

35 679 246 738 Orestes,
280 679 525 731 consolans
548 699 692 740 voce,
721 685 874 732 levans
904 680 1140 747 obsequio.
1211 679 1450 730 Castorem
1469 677 1576 727 Pol·

32 747 145 810 lux,
192 749 420 800 Pirithous
455 748 685 800 Theseum
718 769 774 799 ex
808 751 970 800 ordine
1006 748 1229 816 excipiet,
1273 748 1382 797 dum
1407 745 1572 811 junffls

31 831 145 878 quot
185 818 387 883 capitum
406 855 417 877 ,
445 832 515 869 tot
544 820 777 868 amantum
807 818 962 868 studiis
989 817 1042 869 fit
1066 821 1235 885 longa,
1265 818 1492 879 tenz‘ixque
1523 810 1576 862 fi·

32 882 115 933 des
154 884 201 933 in
234 885 375 935 finem
424 887 569 936 exitii.
659 890 913 937 Paucorum
953 889 999 936 in
1037 888 1187 953 pretio
1225 883 1326 935 sunt
1356 882 1526 933 faedera
1559 914 1574 940 ‚

33 954 208 1015 quanto
245 955 395 1023 magis
433 956 674 1021 plurium?
698 954 858 1005 crescit
887 956 1089 1022 pretium
1123 954 1257 1019 copia
1285 994 1297 1016 ‚
1341 952 1370 1001 fi
1403 951 1575 1018 pretio-

34 1018 132 1070 sum
172 1021 223 1072 sit
243 1060 254 1082 ,
290 1024 417 1089 quod
451 1036 636 1074 amatur.
703 1025 929 1074 Aheneus
955 1025 987 1074 fi
1011 1041 1149 1084 unus,
1179 1021 1231 1072 &
1270 1023 1381 1073 alter
1410 1019 1462 1069 sit
1479 1034 1580 1068 mu-

37 1107 138 1152 rus,
172 1107 366 1155 quantus
402 1093 486 1140 erit
521 1092 773 1141 exercitus?
806 1094 890 1142 His
921 1093 1070 1142 ventis
1102 1091 1390 1158 provehere,
1427 1088 1576 1137 fortu-

34 1173 163 1208 natas
190 1177 424 1225 nunquam
461 1177 558 1210 non
583 1161 706 1230 leges
729 1157 917 1213 Insulas.
987 1162 1072 1212 Nil
1093 1158 1419 1226 pertimescent
1447 1170 1579 1207 amas

37 1226 246 1288 carbasa,
280 1228 327 1278 hi
354 1228 384 1278 fi
409 1229 604 1280 Favonii
635 1228 839 1296 aspirent.
911 1234 1020 1281 Hoc
1045 1228 1220 1279 semine
1251 1228 1433 1295 gratiae,
1483 1226 1583 1293 glo-

2 1331 3 1338 1
34 1296 133 1357 riae,
171 1297 404 1348 honorum
442 1298 755 1367 germinantur
785 1299 1040 1365 impendia.
1123 1296 1200 1348 Ab
1233 1297 1305 1347 his
1341 1294 1536 1345 Planetis
1566 1324 1584 1352 ,

2 1399 4 1405 ·
37 1364 133 1430 qu&
166 1368 426 1431 copiofior,
454 1367 631 1417 felicior
663 1366 740 1416 tibi
780 1369 974 1418 influxus
994 1387 1009 1428 3
1033 1367 1200 1432 luxque
1234 1365 1446 1422 uberior,
1486 1360 1582 1429 quo

35 1438 164 1499 plura
200 1435 281 1484 tibi
309 1434 451 1486 sidera
478 1437 671 1486 luceant.
758 1439 895 1487 Unus
928 1435 1121 1503 sapienti
1164 1433 1376 1484 vetustati
1406 1435 1540 1482 Deus
1568 1468 1581 1493 ,

4 1537 8 1548 .
39 1502 178 1551 amici
199 1506 354 1570 plures
386 1504 433 1553 in
462 1505 605 1564 votis3
637 1520 920 1571 exequuntur
954 1505 1003 1555 hi
1036 1504 1162 1564 fere,
1203 1502 1332 1568 quod
1364 1501 1441 1550 ille
1474 1498 1585 1549 desi-

4 1594 9 1626 t
41 1585 166 1638 gnat.
237 1573 335 1624 Ubi
360 1574 523 1632 amici,
567 1572 630 1623 ibi
657 1591 770 1639 opes
806 1574 1085 1643 Scytharum
1107 1569 1267 1631 sensu3
1304 1570 1545 1620 ditiffimus
1571 1602 1585 1627 ‚

39 1640 119 1704 qui
147 1643 324 1693 amicus
350 1643 592 1708 plurimis„
671 1641 881 1694 Pluribus
912 1645 1068 1694 nititur
1092 1642 1303 1699 fortuna,
1328 1637 1362 1688 fi
1401 1636 1587 1705 pericli-

0 1725 11 1758 lss
39 1719 172 1759 tetur.
246 1712 454 1761 Sociatus
482 1710 612 1762 labor
630 1710 881 1776 majoribus
907 1727 1090 1777 quoque
1109 1727 1188 1777 par
1204 1709 1268 1759 est
1295 1705 1582 1757 muneribus.

9 1790 12 1817 ἕ
39 1777 194 1828 Plures
223 1781 341 1830 oculi
366 1781 413 1829 in
439 1782 695 1830 amicorum
726 1780 974 1830 commoda
1008 1781 1136 1844 plura
1172 1775 1452 1842 praevident,
1482 1774 1584 1838 plu·

39 1845 164 1895 ribus
198 1847 472 1912 provident,
506 1862 643 1912 atque
677 1846 794 1897 adeo
828 1843 1122 1913 praesentibus
1151 1841 1397 1893 consulunt
1419 1875 1432 1899 ,
1465 1841 1588 1890 futu-

41 1915 103 1963 ris
135 1913 437 1981 prospiciunt.
504 1915 646 1965 Unde
669 1914 967 1981 Xenophon:
1001 1931 1100 1964 non
1129 1910 1312 1977 sceptro
1333 1946 1345 1970 ‚
1379 1907 1457 1959 sed
1483 1909 1590 1974 plu-

42 1983 217 2032 ralitate
245 1984 501 2033 amicorum
531 2000 675 2051 regna
704 1983 816 2032 stare
838 1983 1064 2033 tutiffima.
1157 1981 1244 2030 N‘il
1271 1980 1456 2029 civitate
1492 1994 1591 2027 me-

44 2052 150 2100 lius.
224 2054 391 2117 Typus
418 2050 550 2114 hujus
585 2051 783 2100 amicitia
809 2069 890 2118 per
916 2050 1204 2101 Aristotelem
1236 2048 1315 2099 est.
1393 2049 1455 2095 Et
1489 2062 1590 2110 quae

48 2119 224 2170 Civitas
249 2118 341 2168 fine
376 2121 545 2169 civium
572 2119 799 2169 numero?
829 2119 968 2170 amari
999 2119 1243 2188 gestimus,
1276 2115 1328 2164 ἃ
1354 2113 1589 2164 studemus

47 2205 230 2238 omnes.
293 2185 435 2237 Certe
462 2187 599 2237 unius
634 2188 850 2238 duntaxat
880 2189 1080 2250 amicuS,
1107 2199 1186 2236 aut
1214 2184 1335 2235 avari
1360 2180 1500 2232 nimis
1527 2180 1595 2230 af-

46 2254 224 2317 fefifis,
265 2271 340 2307 aut
372 2253 643 2322 asperioris,
682 2274 734 2308 ac
763 2270 814 2306 ut
845 2254 1258 2323 Rempubublicam
1293 2251 1560 2302 moderetur
1579 2284 1592 2308 ‚

47 2320 113 2376 est
143 2325 323 2374 indolis.
387 2323 677 2375 Abundantia
707 2326 989 2387 amicorum,
1030 2341 1137 2373 cum
1183 2324 1370 2370 Platone
1391 2320 1597 2384 loquor,

49 2393 254 2450 virtutis,
289 2391 341 2440 &
368 2393 620 2458 prudentiae
652 2392 781 2460 figna
816 2389 922 2443 sunt
960 2392 1107 2442 multo
1144 2389 1385 2440 certislima
1416 2419 1430 2446 ,
1478 2386 1593 2435 dum

15 2506 17 2509 ,
53 2463 216 2509 contra
240 2461 386 2518 maius
422 2461 516 2511 vitii
541 2459 717 2527 {ignum
742 2462 922 2511 nullum
941 2497 952 2519 ,
988 2463 1129 2525 quam
1155 2457 1436 2513 amicorum,
1471 2451 1522 2502 ἃ
1540 2453 1593 2502 fi-

18 2573 21 2579 .
53 2526 222 2578 dorum
266 2527 487 2578 defesius.
572 2529 695 2578 Felix
728 2529 816 2578 effe
854 2529 1025 2595 cupis?
1069 2526 1299 2578 felicitatis
1341 2539 1591 2590 argumen-

19 2617 21 2647 3
54 2608 149 2645 tum
179 2595 305 2645 sume
324 2594 605 2655 ,satellitium
631 2598 914 2646 amicorum:
943 2595 999 2646 fic
1017 2593 1128 2646 rosae
1153 2594 1315 2652 instar,
1342 2606 1422 2640 tuo
1449 2590 1595 2647 dives,

17 2662 26 2698 '²'
57 2663 203 2712 alieno
229 2662 406 2717 securus
437 2662 664 2730 proefidio.
745 2665 869 2714 Felix
901 2662 952 2713 ἃ
978 2663 1134 2714 infelix
1171 2662 1235 2712 est
1267 2658 1385 2709 roia-
1475 2658 1596 2725 Qia

58 2730 227 2797 cintia,
259 2746 393 2797 atque
419 2733 535 2783 adeo
566 2746 661 2779 tuta
682 2764 698 2786 ‚
727 2730 863 2780 felix:
901 2732 1072 2782 decore
1112 2729 1190 2779 suo
1219 2731 1323 2796 quia
1347 2744 1510 2775 omnes
1535 2727 1594 2772 al-

23 2798 27 2823 ¹
56 2797 177 2859 licit,
209 2800 383 2851 infelix.
452 2797 692 2868 Ingeniosa
720 2798 957 2865 prospexit
994 2813 1176 2859 natura,
1207 2797 1385 2846 tantum
1408 2811 1596 2851 arcens,

741 2871 786 2917 D
830 2883 852 2925 ς
1390 2879 1531 2927 quan·
