1832 3151
308 99 347 166 8
709 79 1274 167 ξ-ἓθὲἒ(ο)«.ἓξ<ἐὲ

225 180 403 233 habent
435 182 648 247 linguam
678 217 690 240 ,
744 184 836 244 qua
870 193 1051 249 tegatur
1079 196 1175 229 non
1201 180 1303 229 raro
1332 189 1491 226 mente
1521 176 1668 225 latens
1702 176 1771 225 vi·

229 267 366 315 pera,
400 249 534 298 tanto
570 247 831 308 crudelior,
862 248 1033 313 quanto
1075 249 1249 297 tectior.
1340 244 1540 294 Silentio
1579 244 1764 299 mentiri

227 315 435 367 versutus
460 318 613 388 magis
635 315 788 366 studet
805 318 1023 367 Politicus
1041 351 1053 375 ,
1081 318 1221 382 quam
1250 313 1407 365 verbo.
1480 311 1651 362 Tutius
1667 310 1765 374 sibi,

228 385 531 453 periculosius
565 385 720 446 alteri,
757 386 864 451 quia
889 386 1084 444 testius3
1125 384 1175 433 ut
1209 384 1361 453 magis
1388 380 1558 430 feriunt
1589 380 1736 440 jacula
1755 418 1767 442 ,

228 470 329 516 quae
350 454 503 505 minus
539 451 757 520 praevisa:
783 452 834 502 &
867 453 1083 501 :iltiffimae
1111 452 1355 520 voragines
1385 449 1478 499 fine
1500 446 1680 499 susurro
1704 450 1771 499 in·

229 521 319 572 star
351 521 446 571 olei
476 522 622 574 undas
648 520 894 572 devehunt.
965 522 1217 584 Praeplacet
1246 519 1411 568 silentii
1445 517 1769 575 mendacium3

231 591 356 655 quasi
380 590 490 642 vero
531 589 684 641 minus
715 603 793 638 aut
823 588 1049 651 infamiae,
1088 602 1163 637 aut
1184 587 1405 652 perniciei
1434 585 1618 635 authori
1642 585 1769 649 juxta

231 675 285 708 ac
308 659 505 725 publicae
531 658 598 708 rei
624 659 769 725 pariat
787 696 799 720 ,
828 656 999 707 famam
1020 657 1255 723 publicam
1286 666 1428 719 opere
1444 687 1458 713 ,
1494 656 1635 720 quam
1656 670 1770 719 pau·

230 744 395 777 corum
418 727 492 777 vel
506 744 661 786 aures,
697 728 769 776 vel
797 726 980 776 animos
1013 742 1092 775 ore
1119 724 1195 774 seu
1221 722 1430 791 elingui,
1466 719 1540 772 scu
1568 722 1773 791 bilingui

232 795 405 847 ludere.
479 797 585 846 Vah
612 796 827 858 injuriam
844 809 1113 860 temporum
1133 798 1140 842 Ξ
1161 793 1400 842 certiffima
1419 791 1655 856 quondam
1679 804 1773 841 erat

234 865 484 913 oculorum
515 863 660 926 fides,
690 865 739 914 ut
771 862 892 912 testis
926 863 990 913 est
1021 861 1220 930 Phyfica.
1293 860 1482 923 Hodie,
1520 859 1642 917 heu,
1672 876 1773 926 quae

234 930 350 981 fides
376 932 602 983 Politicae!
631 934 704 982 vix
729 934 822 995 jam
853 928 970 980 fides
1003 930 1185 980 constat
1207 930 1261 979 iis
1286 928 1470 992 secura,
1499 946 1598 994 quae
1628 930 1775 978 oculis

231 998 526 1064 usurpamus.
592 1000 705 1050 Fere
737 999 981 1050 mendacia
1007 998 1129 1050 verbi
1166 998 1295 1048 fa'clis
1326 996 1589 1064 superamus
1615 1034 1627 1059 ,
1663 996 1777 1046 dum
1808 1046 1812 1058 ,

233 1069 399 1134 paffim
423 1068 620 1133 publico
655 1070 725 1118 n‘ss
764 1068 974 1132 capimus
1006 1067 1186 1136 magis,
1224 1082 1488 1133 quanquam
1519 1082 1775 1130 carpamus,

234 1138 376 1203 quam
408 1137 533 1188 aliud
557 1151 743 1196 mente,
775 1137 895 1186 saffo
929 1137 1056 1186 aliud
1082 1136 1229 1185 testari
1257 1156 1267 1185 :
1302 1137 1348 1185 in
1383 1134 1549 1184 dolore
1567 1134 1781 1184 [erenum
1807 1139 1814 1198 ᾖ

234 1205 509 1270 meridiem,
541 1205 659 1255 inter
684 1205 850 1273 gaudia
890 1205 1070 1254 doloris
1096 1204 1267 1253 nubem
1289 1243 1300 1265 ‚
1337 1202 1547 1269 viperina
1587 1203 1780 1252 ridenti·
1809 1224 1813 1232 ’

233 1272 321 1323 bus
351 1274 512 1341 gratiis
546 1274 678 1332 odia,
715 1273 823 1322 vitia
846 1271 941 1338 ipsa
971 1271 1146 1322 virtutis
1181 1271 1422 1337 superficie
1460 1270 1775 1321 venumdare:
1810 1278 1814 1300 ²

232 1358 322 1393 nec
349 1342 654 1408 promittendi
692 1355 822 1392 antea
858 1341 1086 1400 modum,
1123 1358 1210 1390 nec
1240 1339 1471 1408 pudorem
1503 1338 1671 1390 deinde
1709 1341 1779 1389 ul-
1809 1399 1812 1407 ,

234 1412 333 1460 lum
355 1410 604 1478 frangendi
642 1407 829 1460 servare.
904 1409 1060 1460 Tanto
1085 1410 1258 1478 magi,
1289 1408 1370 1458 sed
1401 1405 1452 1457 &
1474 1407 1780 1474 perniciosius
1809 1450 1813 1454 .

238 1477 399 1528 nostro
417 1513 430 1538 ,
464 1478 515 1527 ὃ(
545 1477 830 1542 Reipublicae
851 1479 1022 1529 damno
1052 1495 1136 1542 per
1163 1481 1373 1528 omnium
1401 1494 1482 1526 ora
1508 1478 1782 1543 eloquentes
1814 1536 1815 1541 ¹

237 1545 427 1612 postea,
465 1546 641 1612 quanto
674 1549 867 1610 majoris
895 1546 998 1596 sunt
1027 1545 1466 1608 constantiaeafafia,
1501 1548 1642 1611 quam
1680 1563 1778 1596 vei·-

239 1612 314 1664 ba.
382 1616 709 1677 Mentiuntur,
753 1618 831 1681 qui
859 1616 1023 1666 fallunt
1059 1615 1197 1664 verbo
1219 1635 1230 1675 3
1255 1617 1485 1681 pejerant,
1515 1616 1592 1679 qui
1617 1632 1777 1679 opere.
1814 1616 1816 1622 ’

235 1684 436 1734 Peccant
453 1683 521 1733 illi
547 1685 594 1733 in
622 1682 765 1733 fidem
795 1681 951 1740 suam,
976 1685 1026 1734 in
1050 1682 1289 1749 publicam
1308 1684 1374 1733 isti
1401 1678 1567 1750 :quod
1600 1684 1664 1732 illi
1699 1701 1778 1733 au·
1811 1709 1818 1714 ·

236 1749 420 1802 dientes
450 1751 693 1813 duntaxat,
724 1752 803 1816 qui
841 1750 959 1820 saepe
984 1754 1148 1816 panci3
1180 1750 1228 1800 hi
1261 1753 1423 1801 orbem
1443 1790 1455 1813 ,
1485 1751 1780 1816 qii'enissaina
1814 1753 1817 1777 ³

239 1817 348 1868 faeti
383 1821 592 1885 replent,
621 1820 858 1870 deludant.
932 1820 1072 1870 Fauo
1100 1835 1354 1884 nocentes,
1395 1820 1612 1884 exemplo
1647 1820 1780 1885 pesli-

241 1904 325 1936 mo
370 1886 508 1938 etiam
549 1888 664 1940 alios
695 1888 937 1940 docentes.
1028 1887 1265 1958 Quddque
1298 1890 1430 1956 pejus
1461 1888 1526 1937 est
1549 1907 1563 1947 3
1593 1901 1738 1958 agunt
1764 1923 1776 1948 ,
1813 1925 1815 1927 >

239 1956 319 2017 qui
347 1955 475 2021 loqui
509 1959 646 2006 etiam
673 1958 745 2007 vcl
782 1977 876 2008 non
904 1957 1077 2008 audent
1096 1993 1108 2017 ‚
1139 1960 1212 2008 vel
1244 1975 1343 2006 non
1375 1956 1576 2022 poffunt.
1664 1959 1780 2006 H-oc
1809 1980 1812 1983 *

240 2023 422 2074 Divinae
446 2039 541 2075 erat
569 2025 874 2076 Providentia?
903 2043 1142 2088 arcanum,
1169 2043 1338 2096 negare
1372 2027 1528 2075 multis
1551 2026 1710 2082 multa,
1729 2039 1782 2075 ut

241 2090 419 2163 mutuis
452 2092 536 2143 stet
580 2093 705 2144 orbis
737 2092 969 2158 sublidiis,
1008 2095 1240 2151 amicitia,
1283 2093 1388 2144 fide.
1471 2092 1612 2143 Nulla
1653 2093 1777 2143 enim

243 2159 485 2210 Cicerone
529 2164 560 2212 l.
580 2178 627 2226 3.
646 2161 707 2210 de
735 2162 855 2212 offic.
884 2164 1026 2224 teste,
1056 2180 1125 2212 res
1160 2161 1476 2213 vehementius
1506 2162 1778 2226 Rempubli·

242 2244 345 2277 cam
377 2230 615 2292 continet,
652 2231 791 2295 quam
825 2230 955 2281 fides.
1021 2234 1082 2280 Et
1104 2249 1204 2295 quae
1237 2248 1325 2280 oro
1367 2243 1442 2278 aut
1463 2230 1776 2291 amicitia‚aut

241 2293 358 2344 fides
382 2296 490 2356 stet,
518 2298 595 2348 ubi
622 2299 800 2348 nilnisi
822 2298 950 2348 factis
977 2298 1132 2348 fallere
1171 2299 1235 2348 est
1261 2300 1528 2367 regularum
1557 2315 1778 2364 compen·

242 2362 373 2412 dium
390 2397 404 2423 ‚
431 2364 481 2414 &
512 2366 802 2433 agendorum
825 2364 1053 2434 cynosura
1078 2384 1223 2416 uuum
1252 2367 1316 2417 est
1339 2367 1645 2416 commodum
1669 2383 1774 2431 pro-

239 2431 408 2496 prium.
513 2435 865 2485 circumvenire
891 2435 1142 2501 pollicitis,
1182 2435 1361 2486 deferre
1386 2434 1625 2502 obsequia,
1653 2433 1701 2481 &z
1732 2452 1776 2483 e-

239 2512 381 2546 ventu
409 2498 590 2561 fallere,
613 2505 780 2569 procul
805 2504 829 2551 a
854 2504 1028 2569 privata
1045 2540 1057 2564 ,
1088 2504 1287 2569 amplius
1315 2506 1339 2553 a
1364 2503 1548 2570 publica
1566 2500 1687 2551 abest
1709 2520 1770 2553 rc.

239 2565 349 2615 Sine
379 2565 474 2617 fide
507 2569 622 2630 fora,
661 2569 712 2620 &
742 2573 900 2634 curiae,
934 2589 1035 2624 non
1084 2575 1240 2638 pacis,
1278 2571 1329 2622 &
1359 2570 1654 2626 concordiae,
1695 2569 1772 2620 sed

240 2632 529 2686 dissidiorum
552 2654 683 2688 erunt
711 2637 936 2691 fomenta.
1024 2643 1185 2709 Regna
1220 2639 1315 2707 ipsa
1343 2636 1533 2706 grandia
1573 2639 1773 2688 totidem

238 2702 582 2756 latrociniorum
611 2705 863 2757 seminaria.
937 2710 1055 2775 Spes
1089 2713 1289 2776 namque
1319 2706 1545 2773 promiffis
1576 2708 1763 2765 laclata,

237 2770 312 2822 vel
345 2771 526 2835 timor,
567 2774 617 2824 in
657 2776 915 2843 graviorem
951 2776 1031 2845 ipsi
1071 2779 1206 2829 etiam
1241 2774 1438 2841 imperio
1473 2775 1771 2893 metsuendam

1576 2845 1702 2895 ubla—
