1781 3151
578 81 1150 171 *efficostffis
1455 100 1540 166 27

97 194 345 249 studemus.
437 194 569 263 Quis⁴
592 196 711 244 euim
747 211 845 246 non
882 196 1032 246 vincat
1077 195 1275 247 Patriam
1304 195 1478 257 facile,
1517 214 1635 264 quaev

99 263 480 323 consiliis,-cultu
500 298 511 319 ,
546 260 740 321 virtute,
789 280 928 312 nervo
954 280 1099 329 opum
1130 266 1320 315 caruerit
1345 266 1366 312 Ρ
1403 265 1617 320 cai-ethis

102 332 317 396 omnibus
350 367 362 390 ,
407 331 448 379 fi*
469 332 659 381 caruerit
684 331 843 381 literis.
927 330 1130 382 Confilia
1173 332 1348 397 cupis?
1389 334 1619 396 Solones,

102 401 344 461 Petricles,
380 395 722 463 Xe'nophontes
749 431 767 462 Ι
805 396 1140 450 Themistocles
1165 436 1176 458 ,
1215 417 1382 467 quanta
1414 402 1616 454 nomina!

100 483 269 531 quanta
301 467 464 516 robora
491 469 502 516 !
535 465 649 515 Non
678 466 804 515 aliter
837 481 988 517 tamen
1019 502 1032 526 ,
1077 469 1219 534 quam
1252 470 1410 518 literis.
1481 473 1617 521 Mors

99 535 191 587 illis
223 555 306 600 pei·
327 534 408 584 has
438 533 592 599 sperni
621 533 780 594 doch,
816 534 935 599 quasi
957 536 1174 589 mortales
1200 554 1296 588 non
1321 537 1491 589 forent.
1544 541 1620 590 Da
1655 544 1660 550 ⁴
1720 571 1732 579 ω

99 603 194 653 fine
220 605 359 653 literis
385 618 546 668 pacem
566 637 578 660 ,
615 601 809 652 ruditate
837 601 885 650 ἃ
927 605 1108 655 incultis
1145 605 1314 655 artibus
1351 605 1617 674 rigentem;

99 671 420 722 confufionem
438 670 620 737 gignis,
657 671 736 735 qui
760 671 1104 725 multitudinem
1128 674 1209 723 otii
1229 690 1482 734 amantem,
1518 692 1619 727 non

98 753 193 791 tam
230 755 467 806 expertem
503 736 706 800 consilii,
746 741 884 802 quam
912 740 1220 806 impotentem
1257 742 1459 808 imperii.
1545 746 1619 793 Da

99 811 260 860 contr-Fi
299 805 508 858 infestam
533 806 642 856 belli
666 808 807 855 aleam
837 844 848 867 ,
902 809 1130 859 temeritas
1163 809 1269 859 duci
1298 809 1518 877 perinde,
1561 825 1618 860 ae

96 877 235 926 militi
267 878 350 926 erit
370 874 649 941 domestica,
686 875 788 940 quia
815 873 909 924 fine
939 876 1258 941 providentia3
1297 878 1418 928 unde
1447 880 1619 928 certior

96 946 242 994 ruina.
294 945 503 993 Nervum
534 942 723 992 demum
753 943 917 1008 cupis?
953 943 1172 995 fundatur
1195 945 1276 995 iste
1302 947 1612 998 commerciis.

99 1011 180 1062 Sic
200 1012 312 1070 Ubi;
326 1010 552 1076 sapienter
570 1012 800 1060 neminem
818 1009 1000 1061 filorum
1013 1015 1307 1063 commerciis
1326 1012 1464 1066 ssvere
1486 1014 1617 1064 addi·

94 1080 140 1131 ci
163 1115 175 1140 ,
213 1081 290 1145 qui
315 1081 406 1129 latii
434 1077 684 1137 sermonis,
719 1097 809 1144 quo
833 1081 992 1128 orbem
1029 1081 1205 1131 emetiri
1234 1083 1377 1147 posset
1396 1119 1407 1141 ‚
1444 1100 1614 1150 gnarus

95 1147 310 1215 apprime
338 1166 435 1198 non
468 1146 624 1196 fuerit.
696 1150 754 1196 Et
779 1147 889 1211 quid
920 1148 1174 1198 eorundem
1192 1149 1250 1200 fic
1278 1154 1489 1214 provexit
1520 1150 1613 1201 for·

96 1230 257 1277 mnas,
295 1230 427 1280 atque
461 1215 558 1264 hoe
595 1213 748 1281 ipsum
780 1214 955 1279 sapiens
990 1217 1048 1266 de
1079 1214 1298 1281 sapientia
1330 1219 1568 1269 confilium
1590 1219 1614 1268 ἒ

97 1284 200 1335 lm&
233 1284 342 1333 verb
369 1284 470 1348 quis
496 1301 590 1332 non
618 1286 768 1333 vineat
803 1284 1152 1349 Rempublicam
1175 1321 1189 1347 ,
1238 1304 1333 1349 quae
1367 1287 1523 1338 vivens
1547 1289 1611 1337 vi·

97 1356 143 1402 15
172 1354 266 1413 jam
302 1353 468 1402 caret?
507 1350 619 1401 Non
647 1353 757 1402 vivit
785 1352 945 1411 Civis,
991 1354 1102 1418 qui,
1152 1352 1267 1418 quid
1302 1353 1608 1420 hodiernum,

91 1434 168 1470 aut
189 1420 429 1469 crastinum
447 1458 459 1480 ,
498 1419 692 1469 vixdum
721 1420 878 1476 novit;
918 1434 1013 1469 tam
1039 1421 1177 1470 futuri
1209 1421 1434 1481 incurius,
1472 1426 1614 1489 quam

90 1488 280 1557 ignarus
300 1486 538 1550 praeteriti3
575 1502 818 1551 utrumque
859 1484 955 1536 solo
985 1489 1218 1538 literarum
1251 1488 1446 1539 defectu.
1543 1495 1613 1543 Ut

92 1554 261 1606 merit&
298 1559 534 1605 Romanus
574 1554 750 1619 sapiens
788 1568 991 1603 mortem
1019 1591 1031 1614 ‚
1084 1553 1134 1605 δι
1172 1556 1263 1607 vivi
1292 1555 1508 1608 hominis
1546 1557 1614 1611 se·

90 1625 323 1689 pulturam
351 1663 362 1685 ‚
399 1623 536 1673 vitam
563 1620 656 1672 fine
686 1623 828 1671 literis
862 1620 1039 1672 dixerit.
1104 1623 1206 1673 Imb
1248 1625 1356 1674 verb
1387 1628 1612 1678 Aristote·

91 1693 158 1741 les
183 1691 304 1741 doffl
337 1690 392 1739 ab
425 1690 616 1740 indocto
659 1689 960 1740 differentiam
994 1707 1097 1741 non
1122 1693 1253 1741 aliam
1292 1693 1515 1756 statuerit,
1555 1713 1611 1750 ae
1657 1712 1661 1717 ’

90 1761 182 1812 vivi
213 1776 236 1806 a
264 1774 465 1807 mortuo.
529 1755 657 1808 Novi
689 1758 877 1824 quidem
905 1797 917 1820 ,
964 1760 1128 1810 melius
1163 1762 1490 1811 nonnullorum
1513 1761 1611 1814 scn-

91 1829 230 1876 tentizi
258 1827 345 1876 effe
363 1825 642 1890 Reipublicae
671 1862 682 1882 ,
720 1823 894 1876 tametsi
919 1825 1060 1877 literis
1086 1845 1183 1879 non
1210 1829 1428 1887 excultae,
1468 1832 1608 1895 quam

91 1897 261 1944 civium
298 1894 516 1945 destituta:
552 1892 756 1958 praefidio
796 1892 978 1959 prorsus
1019 1913 1116 1945 non
1167 1896 1272 1946 esse.
1358 1894 1610 1949 Praesert'im

90 1962 220 2028 quod
259 1959 466 2029 speciosa
500 1961 710 2027 quaedam
757 1962 901 2012 videri
941 1964 1077 2028 possit
1120 1961 1329 2014 socordia
1376 1965 1609 2017 literarum

90 2033 229 2094 quies.
303 2036 363 2081 At
383 2031 563 2081 Arcade
582 2029 698 2079 hane
725 2046 893 2080 vocem
914 2027 1177 2098 digniorem
1206 2033 1383 2084 censuit
1402 2034 1610 2100 Alphon·

88 2098 167 2149 sus
192 2099 432 2164 quondam
459 2132 474 2157 ,
508 2099 647 2162 quam
670 2097 880 2150 homine.
966 2098 1091 2150 Nam
1119 2101 1196 2165 qui
1220 2117 1326 2150 cum
1358 2100 1534 2152 Licinio
1553 2103 1605 2154 δ’(

89 2168 365 2217 Domitiano
397 2167 627 2216 literarum
659 2167 829 2216 cultum
870 2165 1044 2233 spernit
1069 2185 1162 2234 prae
1184 2168 1353 2219 civium
1375 2168 1570 2220 numero
1591 2205 1607 2231 ,

92 2234 153 2284 eb
185 2235 395 2300 Reipubl.
434 2235 626 2285 nocivus
662 2233 726 2284 est
754 2236 902 2303 magis
943 2269 956 2294 ‚
1003 2237 1126 2301 quod
1157 2237 1354 2287 Ladislai
1386 2239 1606 2306 Ungariae

88 2303 229 2371 Regis
250 2304 274 2351 ὲ
300 2317 458 2353 mente
499 2302 747 2351 belluarum
788 2305 914 2353 malit
946 2304 1320 2369 Rempublicam‚
1356 2307 1492 2369 quam
1518 2307 1607 2357 ho·

88 2370 301 2431 minum,
341 2369 419 2420 etsi
446 2386 730 2434 paucorum3
768 2385 819 2421 ut
856 2372 963 2422 cum
1007 2371 1216 2437 ignorare
1255 2374 1405 2424 literas
1444 2375 1607 2425 debeat

89 2455 259 2497 nemo,
297 2439 384 2488 nisi
416 2437 606 2488 homine
654 2439 824 2489 minor.
902 2441 1062 2491 Paucis
1104 2441 1300 2509 gaudeat
1326 2440 1608 2506 Respublica

88 2504 311 2565 Civibus,
343 2506 414 2556 his
439 2519 594 2556 tamen
619 2505 853 2558 literarum
897 2506 1053 2558 studio
1087 2510 1220 2560 cultis
1250 2548 1263 2572 ‚
1318 2509 1513 2560 exulabit
1557 2512 1606 2562 in

89 2572 354 2624 discrimine
378 2573 714 2640 pusillanimitas
745 2610 760 2633 ,
815 2574 1040 2626 fortitudo
1071 2577 1355 2642 propulsabit
1386 2576 1569 2629 adversa
1588 2614 1603 2639 ,

88 2642 342 2692 constantia
374 2642 587 2692 retundet
623 2640 818 2692 assultus.
889 2641 1104 2695 Membra
1135 2646 1282 2704 tollit,
1321 2646 1398 2711 qui
1444 2645 1604 2710 Cives,

88 2708 346 2771 fateor-:Nat
375 2709 576 2760 radicem
615 2706 667 2758 &
694 2713 893 2762 animam
929 2710 1049 2777 petit
1079 2748 1090 2770 ,
1125 2712 1201 2776 qui
1240 2715 1391 2764 literas
1424 2713 1599 2776 adimit,

84 2775 136 2826 ut
160 2779 184 2826 a
205 2778 371 2845 quibus
396 2778 527 2847 vigor
554 2792 672 2846 pace
693 2815 707 2842 ,
738 2797 791 2831 ac
824 2779 983 2831 bello:
1035 2780 1264 2833 Divinum
1293 2782 1600 2899 legeloracu·

954 2872 957 2878 ’
1402 2866 1530 2901 ‹umz
