1832 3151
534 100 1102 189 {Qc0)ffi{÷3
1370 116 1490 183 197

55 206 132 259 dat
151 222 334 260 torrens
359 240 376 269 ,
408 210 478 259 vel
507 211 655 260 imber
684 227 851 278 agros,
884 227 1004 276 quos
1031 211 1216 275 pluvia,
1258 210 1330 259 vel
1360 209 1484 259 rivus
1510 203 1573 252 ri·

54 293 162 345 gat,
197 295 334 344 atque
361 278 476 328 adeo
519 278 755 328 faecundat.
828 281 881 327 In
926 277 1072 327 herba
1107 277 1323 331 sementis
1358 276 1481 326 cadit
1504 272 1575 322 fit·

53 346 154 396 rori
175 381 188 406 ,
220 345 275 410 ἃ
299 345 401 409 spes
429 343 521 412 ipsa
545 347 744 397 eliditur.
814 346 1006 396 Mitiora
1025 345 1205 413 semper
1224 345 1439 397 tentanda
1451 341 1571 398 sunt,

51 427 151 463 tum
181 429 340 482 agatur
367 412 587 465 acerbius.
676 415 801 465 Cum
838 413 1123 481 desperatum
1165 415 1225 465 de
1261 412 1430 464 caeteris
1467 410 1532 460 est
1553 444 1571 468 ,

51 481 230 532 secures
258 481 594 548 expediendae,
629 480 680 531 ὅτ
718 484 930 533 flammae.
997 483 1218 543 Pei-imit,
1257 482 1461 548 quisquis
1490 478 1571 528 de·

49 565 272 616 properat
307 550 567 616 pharmaca.
650 551 697 600 Si
755 551 888 601 ullibi
951 551 1290 601 const-‚lendum
1336 548 1572 616 tempori,

45 617 98 668 id
122 619 169 669 in
196 619 442 670 medicinis
469 620 743 670 tenendum.
804 620 934 669 Paena
953 620 1107 672 omnis
1128 622 1344 689 languori
1370 616 1567 686 publico
1592 657 1596 661 .

41 686 342 754 pharmacum
379 687 459 739 est.
540 690 712 739 Alieno
763 690 954 740 vulnere
1002 688 1085 739 fibi
1119 704 1317 739 mortem
1351 684 1570 748 accersit,

41 755 124 825 qui
163 759 305 806 metui
341 757 474 823 cupit
499 758 726 821 amplius,
767 758 909 823 quzim
943 759 1102 808 amari.
1197 757 1319 809 Raro
1360 753 1570 807 custodia

32 822 139 890 ‘ipsa
176 829 512 894 Tyr-annorum
541 823 608 875 sat
632 840 726 877 tuta
747 861 760 885 ,
795 823 1032 876 carnifices
1046 841 1200 876 metus
1211 825 1345 876 domi
1374 823 1566 884 creavit,

40 910 158 958 quos
178 893 310 946 furor
337 893 444 944 alibi
472 896 649 945 metuit.
718 895 875 945 Vitam
901 893 1017 945 odio
1046 896 1289 962 eripuere,
1322 909 1440 960 quos
1471 907 1570 940 me-

39 962 117 1014 tfis
150 963 284 1013 alieni
322 963 454 1013 causa
503 962 711 1028 prcffidio
749 962 829 1012 fibi
868 964 1086 1028 Princeps
1109 999 1123 1022 ,
1158 964 1328 1013 timore
1362 975 1562 1029 regens,

36 1032 291 1082 constituit.
362 1032 489 1083 Paena
527 1029 737 1097 profeci&
758 1031 1006 1098 aequiffimfi
1031 1067 1045 1092 ,
1072 1032 1123 1082 ut
1156 1033 1233 1098 qui
1281 1032 1427 1081 metui
1466 1044 1562 1077 ma·

36 1102 146 1151 vult>
172 1099 423 1163 omnibus,
458 1116 622 1150 omnes
649 1114 835 1150 metuat.
922 1101 1111 1167 Quique
1145 1103 1277 1152 Pater
1299 1098 1459 1169 diligi,
1482 1109 1562 1147 aut

37 1169 216 1218 {amicus
242 1187 339 1219 non
365 1171 492 1234 vult,
527 1168 580 1219 ut
617 1169 754 1233 pestis
789 1166 975 1236 publica
1002 1168 1177 1220 nemini
1222 1187 1318 1220 non
1361 1161 1563 1224 invisus,

35 1238 63 1286 ὲ
102 1236 291 1288 nemine
314 1238 450 1305 poffit
473 1235 564 1287 esl‘e
592 1235 793 1289 securus,
870 1240 1006 1288 Feras
1040 1252 1197 1306 regat,
1223 1239 1276 1289 ut
1301 1234 1467 1304 quibus
1480 1251 1562 1285 na·

23 1315 137 1356 ‘tura
166 1304 286 1371 sola,
314 1325 409 1357 non
433 1307 551 1356 ratio
580 1309 675 1367 iura
701 1307 841 1356 distat
865 1340 877 1365 ‚
911 1305 989 1370 qui
1023 1307 1168 1356 metui
1193 1305 1375 1357 tantum
1409 1303 1556 1370 cupit.

32 1374 295 1424 Hominum
322 1376 534 1439 jurajura
548 1373 879 1426 fiintflliorum.
915 1376 1025 1424 Haec
1055 1393 1144 1425 una
1161 1373 1389 1426 felicitatis
1420 1383 1559 1422 certae

31 1440 193 1493 semita
222 1443 443 1508 perinde,
481 1462 533 1494 ac
563 1442 722 1493 tessera
748 1443 840 1495 est:
878 1442 1019 1491 amari
1041 1445 1066 1491 ἐ
1093 1440 1200 1493 suis.
1269 1444 1435 1493 Finem
1452 1439 1557 1489 brea

28 1528 136 1563 vem
167 1526 317 1561 metus
352 1510 416 1561 fin
442 1510 641 1572 habeat,
677 1511 848 1575 quaerit.
918 1510 1111 1576 Iniquus
1140 1512 1273 1582 gregi
1302 1509 1455 1577 pastor
1474 1507 1558 1568 est,

30 1581 111 1645 qui
141 1579 335 1631 tondere
357 1580 574 1630 duntaxat
598 1582 728 1632 novit
763 1619 773 1630 .
828 1576 880 1629 ἃ
910 1579 1112 1630 verbera.
1193 1580 1403 1637 Tutelae,
1453 1592 1556 1627 non

29 1648 211 1699 servitio
236 1649 405 1699 credita
441 1648 506 1698 est
548 1651 572 1698 ὲ
612 1652 722 1700 caelo
756 1648 1036 1715 Respublica
1079 1648 1298 1714 Principi.
1383 1647 1557 1712 Reipu-

27 1716 157 1768 blicae
189 1716 313 1783 ipse,
353 1735 448 1767 non
475 1718 751 1785 Respublica
774 1719 873 1778 eius
896 1716 977 1768 est.
1049 1719 1186 1767 Metu
1213 1715 1394 1779 hostes,
1421 1730 1555 1765 amoc

25 1804 78 1837 re
104 1786 362 1851 triumphet
384 1783 612 1849 subjectos
634 1822 645 1843 ‚
683 1786 771 1836 nisi
810 1803 907 1834 non
937 1800 1031 1835 tam
1070 1786 1362 1845 animorum,
1406 1785 1550 1850 quam

26 1871 283 1923 corporum
314 1855 407 1904 dici
433 1854 589 1920 cupiat
618 1856 860 1918 Princeps.
944 1852 1089 1904 Secus
1108 1855 1263 1913 enim,
1299 1853 1411 1921 quid
1425 1868 1549 1902 ama-

24 1924 89 1975 bo
116 1928 390 1991 Tyrannum
428 1924 545 1973 inter
585 1941 636 1972 ac
671 1925 929 1988 Principem
952 1922 1190 1982 intererit,
1220 1921 1252 1972 fi
1289 1937 1383 1973 tam
1409 1920 1549 1984 hujus

93 1995 230 2061 quium
256 1994 375 2041 illius
402 1990 637 2056 potestatis
662 1991 714 2040 sit
740 1991 788 2040 δι
806 1990 929 2039 testis
951 1989 1001 2039 &
1020 1989 1159 2041 index
1182 2006 1310 2043 vetus
1337 1991 1478 2044 illud:

256 2061 351 2113 Hic
362 2062 503 2128 firm
530 2061 620 2126 est,
658 2059 773 2109 hunc
808 2076 860 2109 tu
891 2058 1100 2110 Ramane
1123 2075 1293 2110 caveto.

742 2877 794 2927 'N
831 2895 853 2941 3
1305 2875 1347 2943 5.
1385 2877 1471 2928 IV.
