1832 3151
513 83 1097 173 ἓὲἔὲἒ<0>ἕῑὲ<ἐὲ
1412 106 1499 169 97

29 215 112 250 mo
138 201 241 251 Deo
263 198 310 248 in
335 194 580 247 amandum
608 192 834 259 pronior,
860 207 935 242 aut
954 192 1200 244 liberalior.
1267 195 1417 261 Fecit,
1438 199 1568 264 quod

32 271 193 334 omnip
205 282 337 318 otens
356 264 528 330 potuit,
560 260 614 311 ἃ.
637 260 766 329 quod
788 260 992 310 nonnisi
1018 258 1198 312 summe
1220 261 1564 317 misericordem

32 338 210 386 decuit.
319 335 388 382 Ut
422 330 591 391 essent,
623 329 747 395 juffit
775 330 961 387 omnia,
994 342 1044 378 ut
1074 328 1322 389 servirent,
1351 348 1402 382 ut
1437 336 1561 385 dele-

29 407 216 454 ctarent.
300 398 503 452 Addidit
529 399 576 448 in
609 399 786 466 pignus
812 395 1085 465 sanguinem
1102 433 1114 457 ‚
1150 396 1195 450 {e
1212 432 1225 458 ,
1256 400 1557 454 Divinitatem

26 471 171 538 ipsam
196 467 393 528 vadem,
424 466 477 516 ἃ
501 468 673 534 pignus
698 466 885 515 amoris.
957 465 1159 514 Excessit
1189 471 1438 518 amantium
1454 489 1555 523 nou

19 541 227 606 regulam
254 536 432 599 modo,
463 533 541 585 sed
576 536 652 587 vel
681 534 957 602 cogitatum.
1048 532 1260 600 Seipsum
1284 537 1386 605 jugi
1415 542 1555 604 epulo

20 608 172 658 tradit.
246 605 418 655 Merita
443 603 542 663 ibi,
570 599 623 650 δί
645 599 752 669 spes
780 604 948 661 amati,
993 599 1071 651 hic
1106 606 1178 654 vel
1215 617 1320 654 vota
1355 605 1548 672 superat.

4 676 178 734 Fecit,
217 673 348 740 quod
380 689 478 722 non
511 671 607 721 nisi
644 670 922 735 impudens,
971 683 1046 720 aut
1081 672 1350 737 imprudens
1389 691 1553 740 optare

16 743 118 808 quis
147 742 330 809 potuit3
356 740 504 804 Fecit,
531 757 626 805 quo
652 741 796 803 majus
823 741 954 790 Deus
983 736 1080 803 ipse
1111 759 1210 791 non
1242 743 1422 806 potuit3
1447 747 1552 811 quia

18 811 147 877 quod
179 810 368 860 adderet
394 809 535 868 ultra,
564 825 662 858 non
690 806 868 857 habuit.
971 809 1045 858 En
1074 825 1243 874 quanta
1277 829 1550 879 argumenta

15 878 202 929 amoris.
274 882 334 929 Et
364 879 506 944 quam
533 894 663 926 avara
695 890 852 925 tamen
868 875 1206 927 redamantium
1230 882 1431 943 pectora.
1469 884 1549 932 Al-

11 964 127 1015 gent
157 949 215 997 ad
242 948 479 1006 flammas;
511 945 590 994 vix
624 943 909 1012 agnoscunt,
956 961 1067 1009 quas
1095 947 1142 996 in
1183 960 1418 998 momenta
1444 966 1549 1018 gra·

10 1018 93 1066 tias
130 1015 343 1067 sentiunt.
413 1014 568 1063 Perire
593 1015 816 1063 malentes
842 1011 1122 1073 Andabatae,
1154 1017 1291 1081 quam
1315 1016 1373 1067 sie
1396 1035 1550 1070 aman-

0 1099 106 1134 2tem
129 1103 280 1135 amare
292 1103 306 1145 3
338 1081 619 1143 Conditori,
654 1080 908 1139 Salvatori,
942 1083 1064 1131 Patri
1096 1082 1274 1142 vivere,
1313 1082 1366 1134 &
1400 1086 1543 1140 beari.

0 1151 315 1223 fingeniosus,
337 1150 372 1201 fi
395 1151 502 1201 alias
520 1187 532 1211 ‚
557 1148 780 1199 Numinis
799 1165 964 1211 amor,
994 1150 1124 1215 quod
1151 1152 1290 1201 tantis
1315 1153 1512 1206 adderet
1531 1192 1544 1218 ,

0 1218 100 1286 }non
126 1218 413 1281 vide1·at‚{&
445 1233 602 1269 tamen
625 1234 880 1268 commune
924 1235 1089 1268 omnes
1123 1219 1425 1280 devinciendi
1449 1242 1549 1273 me-

0 1291 143 1347 {ritum
182 1305 391 1339 amorem
440 1288 577 1337 suum
615 1285 706 1336 heu
745 1290 889 1352 quam
928 1287 1122 1337 modico
1160 1290 1308 1340 cernit
1349 1290 1544 1356 pensari.

0 1357 192 1426 {Nempe
218 1360 371 1409 astum
411 1358 507 1423 agit
539 1356 723 1407 flamma
760 1356 993 1416 innocua,
1031 1357 1137 1408 cum
1165 1356 1277 1407 feris
1304 1359 1412 1425 ipsis
1443 1377 1548 1412 cru-

0 1428 149 1479 fdelior
178 1428 342 1494 pectus
371 1423 553 1475 obfidet
584 1423 750 1490 hydra.
818 1425 880 1474 Et
907 1440 1024 1490 quot
1046 1426 1278 1489 ejusmodi
1294 1429 1443 1494 pestes
1465 1431 1547 1480 alit

0 1496 316 1563 Respublica?
362 1492 414 1543 &
445 1493 527 1543 has
552 1493 635 1543 fibi
659 1508 818 1542 amore
859 1490 1090 1545 devinciat
1117 1496 1348 1561 quispiam
1373 1498 1394 1546 ?
1421 1499 1547 1548 Prin-

0 1582 110 1631 :eps
133 1562 442 1630 cumprimis?
467 1560 571 1612 sane
605 1563 808 1628 privatus
831 1562 941 1611 cum
972 1561 1136 1627 fueris,
1165 1578 1241 1615 aut
1265 1565 1509 1616 bonorum
1529 1605 1545 1631 ,

10 1649 76 1685 tut
111 1635 344 1684 malorum
371 1630 560 1682 censum
599 1647 769 1698 augeas
801 1645 1007 1698 oportet.
1077 1631 1267 1700 Cygnis
1295 1631 1328 1682 si
1356 1633 1503 1685 faveas
1530 1671 1544 1697 ,

3 1703 153 1753 <eorvis
187 1700 528 1769 displiciturum
559 1714 605 1748 te
634 1700 844 1750 noveris.
913 1702 1096 1749 Horum
1133 1701 1296 1750 contra
1321 1701 1352 1751 fi
1389 1704 1546 1768 place-

0 1772 78 1821 unt
112 1769 283 1830 studia,
317 1766 369 1817 &
399 1768 617 1827 affeekus,
639 1768 829 1816 illorum
861 1784 1042 1816 amores
1069 1768 1261 1834 perdam,
1287 1770 1353 1820 est
1386 1769 1542 1821 neces·

0 1829 60 1898 ὦ.
126 1837 284 1905 Ipsum
322 1839 507 1902 placere
534 1837 693 1886 multis
729 1833 971 1900 displicet,
1014 1835 1068 1885 ὃς
1099 1838 1246 1887 aliena
1280 1838 1423 1889 videri
1439 1857 1541 1908 gra·

0 1907 55 1955 eia
83 1904 197 1966 frui,
221 1903 419 1955 invisum
442 1903 615 1954 reddit.
686 1903 913 1968 Carpitur
941 1921 1116 1970 nempe
1158 1906 1247 1957 vita
1268 1942 1282 1968 ,
1322 1926 1419 1958 non
1445 1923 1540 1961 tam

0 1971 126 2028 {tumis
142 2009 154 2032 ,
180 1975 321 2039 quam
348 1972 548 2023 censuris
575 1969 798 2023 absoluta.
881 1971 1144 2039 Nunquam
1171 1975 1222 2027 in
1262 1975 1448 2027 theafro
1472 1978 1539 2029 fa-

0 2042 105 2102 pula
134 2040 225 2092 fine
253 2044 442 2092 Momo.
508 2038 797 2106 Persequitur
814 2081 826 2105 ‚
852 2039 1171 2109 prosequitur,
1199 2046 1305 2110 quia
1323 2043 1432 2095 finis
1445 2047 1541 2097 cui-

0 2118 90 2179 que
112 2110 290 2161 bonum
316 2109 462 2160 suum.
533 2115 613 2161 An
647 2125 760 2176 ergo
788 2124 836 2159 tu
866 2113 1077 2160 omnium
1098 2113 1246 2162 corda
1277 2113 1361 2165 tibi
1389 2115 1543 2166 deme.

0 2184 122 2230 :care
146 2180 343 2239 merito,
367 2177 421 2228 &
457 2178 692 2240 candore,
728 2194 830 2242 quae
862 2177 1055 2229 Naturae
1089 2180 1280 2232 Author
1312 2200 1408 2234 non
1431 2182 1538 2249 pos:

0 2247 69 2311 sit,
107 2249 246 2298 etiam
270 2248 378 2298 cum
403 2245 677 2297 benefacit?
708 2246 759 2295 Si
783 2246 1070 2315 Reipublicae
1103 2247 1306 2301 habenas
1338 2252 1538 2321 dirigaS,

6 2314 167 2379 scelera
197 2317 250 2367 ut
274 2332 552 2366 cancraenam
581 2313 755 2378 reseca,
790 2315 852 2368 ne
887 2333 1068 2382 corpus
1096 2316 1262 2382 perdas
1288 2322 1411 2371 malo
1445 2317 1539 2372 ser·

0 2382 135 2436 {iente
154 2403 166 2444 3
183 2385 261 2451 pia
287 2385 384 2433 haec
408 2383 652 2432 crudelitas
680 2382 773 2445 est,
794 2383 1013 2452 iusipiens
1046 2386 1210 2435 odium
1230 2387 1383 2440 trahit.
1418 2390 1535 2439 Pau.

0 2451 74 2504 ios
96 2453 206 2516 feri,
234 2468 284 2504 ut
304 2450 519 2503 omnibus
551 2467 731 2516 parcaS.
800 2453 1007 2503 Terrore
1032 2468 1226 2516 omnes,
1253 2473 1427 2522 paucos
1447 2457 1536 2508 ful-

6 2523 122 2573 ‘nine
156 2521 313 2584 affice,
353 2519 548 2571 felicitas
574 2519 635 2568 fic
660 2517 876 2572 confistat
903 2522 1106 2588 publica.
1177 2528 1351 2576 Ament
1384 2523 1535 2592 boni,

6 2590 176 2640 'idei-int
214 2590 337 2641 mali.
410 2587 527 2638 Satis
549 2586 629 2636 est.
700 2593 832 2641 Dum
852 2607 1108 2655 paucorum
1137 2592 1334 2643 excidio.
1408 2596 1534 2646 Salu.

15 2660 92 2708 iris
118 2658 196 2710 hic
236 2660 286 2708 <St
312 2656 537 2724 providus
581 2674 711 2708 amor
751 2674 957 2710 amorem
997 2663 1217 2711 conciliet
1254 2660 1528 2728 sapientum.

0 2726 163 2777 astum
194 2728 258 2777 est
288 2726 533 2778 caeterum:
565 2727 707 2776 amari
743 2727 824 2792 qui
864 2729 964 2780 vult
999 2730 1218 2783 omnibus
1254 2765 1267 2789 ‚
1315 2747 1392 2779 aut
1425 2734 1532 2782 L‘eo

3 2796 142 2865 {najot-
163 2796 216 2848 fit
231 2832 246 2859 ,
280 2791 465 2848 necesse
492 2793 584 2860 est,
618 2808 694 2846 aut
721 2811 901 2850 ametur
924 2799 949 2847 a
967 2799 1170 2853 nemine„
1259 2804 1383 2851 Acer
1409 2803 1532 2850 enim

731 2866 777 2917 G
1289 2866 1465 2921 humor
