<?xml version="1.0" encoding="UTF-8"?>
<!DOCTYPE html PUBLIC "-//W3C//DTD XHTML 1.0 Transitional//EN"
    "http://www.w3.org/TR/xhtml1/DTD/xhtml1-transitional.dtd">
<html xmlns="http://www.w3.org/1999/xhtml" xml:lang="en" lang="en">
 <head>
  <title>
</title>
<meta http-equiv="Content-Type" content="text/html;charset=utf-8" />
  <meta name='ocr-system' content='tesseract 3.04.00' />
  <meta name='ocr-capabilities' content='ocr_page ocr_carea ocr_par ocr_line ocrx_word'/>
</head>
<body>
  <div class='ocr_page' id='page_1' title='image "./ideasapientisthe00vano_0030.png"; bbox 0 0 1832 3151; ppageno 0'>
   <div class='ocr_carea' id='block_1_1' title="bbox 305 93 1272 187">
    <p class='ocr_par' dir='ltr' id='par_1_1' title="bbox 305 93 1272 187">
     <span class='ocr_line' id='line_1_1' title="bbox 305 93 1272 187; baseline 0.002 -2"><span class='ocrx_word' id='word_1_1' title='bbox 305 108 374 165; x_wconf 81' lang='lat'>16</span> <span class='ocrx_word' id='word_1_2' title='bbox 695 93 1272 187; x_wconf 50' lang='grc' dir='ltr'>ἓὲἒξω&gt;ἓξέἐὲ</span> 
     </span>
    </p>
   </div>
   <div class='ocr_carea' id='block_1_2' title="bbox 194 197 1832 2949">
    <p class='ocr_par' dir='ltr' id='par_1_2' title="bbox 209 197 1757 950">
     <span class='ocr_line' id='line_1_2' title="bbox 276 197 1753 270; baseline -0.001 -21"><span class='ocrx_word' id='word_1_3' title='bbox 276 260 278 262; x_wconf 22' lang='lat'>¹</span> <span class='ocrx_word' id='word_1_4' title='bbox 318 201 464 270; x_wconf 70' lang='lat' dir='ltr'>Quod</span> <span class='ocrx_word' id='word_1_5' title='bbox 490 202 706 253; x_wconf 85' lang='lat' dir='ltr'>voluntas</span> <span class='ocrx_word' id='word_1_6' title='bbox 744 198 995 264; x_wconf 83' lang='lat' dir='ltr'>imperium</span> <span class='ocrx_word' id='word_1_7' title='bbox 1017 200 1066 249; x_wconf 92' lang='lat' dir='ltr'>in</span> <span class='ocrx_word' id='word_1_8' title='bbox 1086 199 1320 263; x_wconf 83' lang='lat' dir='ltr'>potentias</span> <span class='ocrx_word' id='word_1_9' title='bbox 1349 213 1585 258; x_wconf 85' lang='lat' dir='ltr'>exerceat,</span> <span class='ocrx_word' id='word_1_10' title='bbox 1616 197 1753 250; x_wconf 75' lang='lat' dir='ltr'>dubi-</span> 
     </span>
     <span class='ocr_line' id='line_1_3' title="bbox 213 267 1752 335; baseline -0.005 -12"><span class='ocrx_word' id='word_1_11' title='bbox 213 287 280 326; x_wconf 86' lang='lat' dir='ltr'>tat</span> <span class='ocrx_word' id='word_1_12' title='bbox 309 287 469 321; x_wconf 88' lang='lat' dir='ltr'>nemo.</span> <span class='ocrx_word' id='word_1_13' title='bbox 542 268 660 335; x_wconf 89' lang='lat' dir='ltr'>Quis</span> <span class='ocrx_word' id='word_1_14' title='bbox 695 269 804 317; x_wconf 72' lang='lat' dir='ltr'>vero</span> <span class='ocrx_word' id='word_1_15' title='bbox 846 267 900 317; x_wconf 89' lang='lat' dir='ltr'>fit</span> <span class='ocrx_word' id='word_1_16' title='bbox 933 270 1058 317; x_wconf 39' lang='lat' dir='ltr'>acius</span> <span class='ocrx_word' id='word_1_17' title='bbox 1097 269 1353 334; x_wconf 83' lang='lat' dir='ltr'>imperans,</span> <span class='ocrx_word' id='word_1_18' title='bbox 1386 267 1462 317; x_wconf 86' lang='lat' dir='ltr'>seu</span> <span class='ocrx_word' id='word_1_19' title='bbox 1496 269 1752 334; x_wconf 73' lang='lat' dir='ltr'>imperium</span> 
     </span>
     <span class='ocr_line' id='line_1_4' title="bbox 213 334 1754 404; baseline -0.006 -10"><span class='ocrx_word' id='word_1_20' title='bbox 213 338 407 394; x_wconf 81' lang='lat' dir='ltr'>rationis</span> <span class='ocrx_word' id='word_1_21' title='bbox 439 374 451 397; x_wconf 87' lang='lat'>,</span> <span class='ocrx_word' id='word_1_22' title='bbox 496 357 553 388; x_wconf 82' lang='lat' dir='ltr'>cx</span> <span class='ocrx_word' id='word_1_23' title='bbox 584 334 718 402; x_wconf 73' lang='lat' dir='ltr'>supra</span> <span class='ocrx_word' id='word_1_24' title='bbox 756 336 890 385; x_wconf 66' lang='lat' dir='ltr'>distis</span> <span class='ocrx_word' id='word_1_25' title='bbox 923 336 1131 394; x_wconf 58' lang='lat' dir='ltr'>aclibus,</span> <span class='ocrx_word' id='word_1_26' title='bbox 1162 335 1374 385; x_wconf 89' lang='lat' dir='ltr'>dubitant</span> <span class='ocrx_word' id='word_1_27' title='bbox 1400 338 1573 404; x_wconf 79' lang='lat' dir='ltr'>plures.</span> <span class='ocrx_word' id='word_1_28' title='bbox 1652 336 1754 385; x_wconf 89' lang='lat' dir='ltr'>Co-</span> 
     </span>
     <span class='ocr_line' id='line_1_5' title="bbox 212 403 1753 480; baseline -0.003 -22"><span class='ocrx_word' id='word_1_29' title='bbox 212 410 363 480; x_wconf 85' lang='lat' dir='ltr'>gnitio</span> <span class='ocrx_word' id='word_1_30' title='bbox 391 407 516 458; x_wconf 71' lang='lat' dir='ltr'>cette</span> <span class='ocrx_word' id='word_1_31' title='bbox 542 443 553 464; x_wconf 92' lang='lat'>,</span> <span class='ocrx_word' id='word_1_32' title='bbox 598 423 700 471; x_wconf 80' lang='lat' dir='ltr'>quae</span> <span class='ocrx_word' id='word_1_33' title='bbox 734 404 835 453; x_wconf 82' lang='lat' dir='ltr'>usui</span> <span class='ocrx_word' id='word_1_34' title='bbox 863 407 1106 471; x_wconf 59' lang='lat' dir='ltr'>praelucet,</span> <span class='ocrx_word' id='word_1_35' title='bbox 1144 404 1397 468; x_wconf 78' lang='lat' dir='ltr'>imperium</span> <span class='ocrx_word' id='word_1_36' title='bbox 1435 405 1623 456; x_wconf 85' lang='lat' dir='ltr'>rationis</span> <span class='ocrx_word' id='word_1_37' title='bbox 1661 403 1753 455; x_wconf 79' lang='lat' dir='ltr'>effe</span> 
     </span>
     <span class='ocr_line' id='line_1_6' title="bbox 212 473 1752 543; baseline -0.005 -12"><span class='ocrx_word' id='word_1_38' title='bbox 212 498 309 534; x_wconf 86' lang='lat' dir='ltr'>non</span> <span class='ocrx_word' id='word_1_39' title='bbox 338 477 516 543; x_wconf 84' lang='lat' dir='ltr'>potest,</span> <span class='ocrx_word' id='word_1_40' title='bbox 539 476 648 542; x_wconf 89' lang='lat' dir='ltr'>quia</span> <span class='ocrx_word' id='word_1_41' title='bbox 677 473 800 522; x_wconf 86' lang='lat' dir='ltr'>aliud</span> <span class='ocrx_word' id='word_1_42' title='bbox 845 473 908 522; x_wconf 88' lang='lat' dir='ltr'>cst</span> <span class='ocrx_word' id='word_1_43' title='bbox 945 473 1206 522; x_wconf 81' lang='lat' dir='ltr'>mediorum</span> <span class='ocrx_word' id='word_1_44' title='bbox 1239 473 1543 536; x_wconf 83' lang='lat' dir='ltr'>aptitudinem</span> <span class='ocrx_word' id='word_1_45' title='bbox 1571 489 1752 539; x_wconf 82' lang='lat' dir='ltr'>cogno·</span> 
     </span>
     <span class='ocr_line' id='line_1_7' title="bbox 213 541 1753 610; baseline -0.008 -10"><span class='ocrx_word' id='word_1_46' title='bbox 213 548 343 600; x_wconf 83' lang='lat' dir='ltr'>scere</span> <span class='ocrx_word' id='word_1_47' title='bbox 378 545 436 595; x_wconf 84' lang='lat' dir='ltr'>ad</span> <span class='ocrx_word' id='word_1_48' title='bbox 468 544 638 602; x_wconf 79' lang='lat' dir='ltr'>finem,</span> <span class='ocrx_word' id='word_1_49' title='bbox 665 542 791 592; x_wconf 85' lang='lat' dir='ltr'>aliud</span> <span class='ocrx_word' id='word_1_50' title='bbox 826 542 923 592; x_wconf 62' lang='lat' dir='ltr'>aestu</span> <span class='ocrx_word' id='word_1_51' title='bbox 954 542 1115 590; x_wconf 85' lang='lat' dir='ltr'>eadem</span> <span class='ocrx_word' id='word_1_52' title='bbox 1147 541 1391 605; x_wconf 84' lang='lat' dir='ltr'>imperare.</span> <span class='ocrx_word' id='word_1_53' title='bbox 1492 546 1601 610; x_wconf 83' lang='lat' dir='ltr'>Ego</span> <span class='ocrx_word' id='word_1_54' title='bbox 1640 559 1753 591; x_wconf 87' lang='lat' dir='ltr'>cum</span> 
     </span>
     <span class='ocr_line' id='line_1_8' title="bbox 211 607 1754 677; baseline -0.006 -10"><span class='ocrx_word' id='word_1_55' title='bbox 211 618 475 670; x_wconf 65' lang='lat' dir='ltr'>Ptolomaeo</span> <span class='ocrx_word' id='word_1_56' title='bbox 511 612 685 674; x_wconf 88' lang='lat' dir='ltr'>sentio,</span> <span class='ocrx_word' id='word_1_57' title='bbox 715 610 847 677; x_wconf 72' lang='lat' dir='ltr'>quod</span> <span class='ocrx_word' id='word_1_58' title='bbox 872 609 924 659; x_wconf 88' lang='lat' dir='ltr'>fit</span> <span class='ocrx_word' id='word_1_59' title='bbox 957 610 1055 674; x_wconf 76' lang='lat' dir='ltr'>ufits</span> <span class='ocrx_word' id='word_1_60' title='bbox 1080 607 1202 676; x_wconf 87' lang='lat' dir='ltr'>ipse,</span> <span class='ocrx_word' id='word_1_61' title='bbox 1231 607 1311 658; x_wconf 89' lang='lat' dir='ltr'>seu</span> <span class='ocrx_word' id='word_1_62' title='bbox 1335 611 1460 659; x_wconf 64' lang='lat' dir='ltr'>aestus</span> <span class='ocrx_word' id='word_1_63' title='bbox 1495 610 1754 662; x_wconf 86' lang='lat' dir='ltr'>voluntatis</span> 
     </span>
     <span class='ocr_line' id='line_1_9' title="bbox 211 677 1756 753; baseline -0.005 -17"><span class='ocrx_word' id='word_1_64' title='bbox 211 686 444 753; x_wconf 84' lang='lat' dir='ltr'>regulatus</span> <span class='ocrx_word' id='word_1_65' title='bbox 477 685 501 732; x_wconf 73' lang='lat' dir='ltr'>a</span> <span class='ocrx_word' id='word_1_66' title='bbox 528 681 705 730; x_wconf 87' lang='lat' dir='ltr'>ratione</span> <span class='ocrx_word' id='word_1_67' title='bbox 722 717 732 737; x_wconf 94' lang='lat'>,</span> <span class='ocrx_word' id='word_1_68' title='bbox 759 697 814 728; x_wconf 83' lang='lat' dir='ltr'>ex</span> <span class='ocrx_word' id='word_1_69' title='bbox 843 696 940 745; x_wconf 92' lang='lat' dir='ltr'>quo</span> <span class='ocrx_word' id='word_1_70' title='bbox 968 677 1358 745; x_wconf 61' lang='lat' dir='ltr'>sequunturafhis</span> <span class='ocrx_word' id='word_1_71' title='bbox 1386 679 1611 746; x_wconf 85' lang='lat' dir='ltr'>imperati.</span> <span class='ocrx_word' id='word_1_72' title='bbox 1659 681 1756 728; x_wconf 88' lang='lat' dir='ltr'>Im·</span> 
     </span>
     <span class='ocr_line' id='line_1_10' title="bbox 212 745 1755 822; baseline -0.004 -18"><span class='ocrx_word' id='word_1_73' title='bbox 212 755 399 822; x_wconf 81' lang='lat' dir='ltr'>perium</span> <span class='ocrx_word' id='word_1_74' title='bbox 431 751 553 801; x_wconf 90' lang='lat' dir='ltr'>enim</span> <span class='ocrx_word' id='word_1_75' title='bbox 582 747 893 799; x_wconf 82' lang='lat' dir='ltr'>universaliter</span> <span class='ocrx_word' id='word_1_76' title='bbox 930 749 992 798; x_wconf 85' lang='lat' dir='ltr'>est</span> <span class='ocrx_word' id='word_1_77' title='bbox 1027 747 1278 813; x_wconf 82' lang='lat' dir='ltr'>applicatio</span> <span class='ocrx_word' id='word_1_78' title='bbox 1313 745 1485 797; x_wconf 83' lang='lat' dir='ltr'>subditi</span> <span class='ocrx_word' id='word_1_79' title='bbox 1523 749 1580 797; x_wconf 86' lang='lat' dir='ltr'>ad</span> <span class='ocrx_word' id='word_1_80' title='bbox 1615 765 1755 815; x_wconf 85' lang='lat' dir='ltr'>agen·</span> 
     </span>
     <span class='ocr_line' id='line_1_11' title="bbox 214 813 1757 887; baseline -0.004 -14"><span class='ocrx_word' id='word_1_81' title='bbox 214 824 329 873; x_wconf 89' lang='lat' dir='ltr'>dum</span> <span class='ocrx_word' id='word_1_82' title='bbox 363 838 472 871; x_wconf 89' lang='lat' dir='ltr'>cum</span> <span class='ocrx_word' id='word_1_83' title='bbox 499 819 786 887; x_wconf 85' lang='lat' dir='ltr'>obligatione</span> <span class='ocrx_word' id='word_1_84' title='bbox 823 817 882 866; x_wconf 89' lang='lat' dir='ltr'>ad</span> <span class='ocrx_word' id='word_1_85' title='bbox 910 815 1054 867; x_wconf 80' lang='lat' dir='ltr'>finem</span> <span class='ocrx_word' id='word_1_86' title='bbox 1081 813 1345 883; x_wconf 82' lang='lat' dir='ltr'>superioris.</span> <span class='ocrx_word' id='word_1_87' title='bbox 1419 816 1566 885; x_wconf 73' lang='lat' dir='ltr'>Quod</span> <span class='ocrx_word' id='word_1_88' title='bbox 1590 817 1757 882; x_wconf 81' lang='lat' dir='ltr'>utique</span> 
     </span>
     <span class='ocr_line' id='line_1_12' title="bbox 209 886 1054 950; baseline -0.012 -5"><span class='ocrx_word' id='word_1_89' title='bbox 209 889 435 944; x_wconf 85' lang='lat' dir='ltr'>voluntati</span> <span class='ocrx_word' id='word_1_90' title='bbox 457 887 781 938; x_wconf 80' lang='lat' dir='ltr'>determinanti</span> <span class='ocrx_word' id='word_1_91' title='bbox 804 886 1054 950; x_wconf 88' lang='lat' dir='ltr'>competit.</span> 
     </span>
    </p>

    <p class='ocr_par' dir='ltr' id='par_1_3' title="bbox 215 950 1832 2605">
     <span class='ocr_line' id='line_1_13' title="bbox 317 950 1760 1025; baseline -0.003 -15"><span class='ocrx_word' id='word_1_92' title='bbox 317 957 574 1025; x_wconf 83' lang='lat' dir='ltr'>Imperium</span> <span class='ocrx_word' id='word_1_93' title='bbox 599 995 612 1020; x_wconf 83' lang='grc'>,</span> <span class='ocrx_word' id='word_1_94' title='bbox 653 956 702 1006; x_wconf 77' lang='lat' dir='ltr'>ut</span> <span class='ocrx_word' id='word_1_95' title='bbox 730 956 882 1004; x_wconf 80' lang='lat' dir='ltr'>dicam</span> <span class='ocrx_word' id='word_1_96' title='bbox 919 968 1050 1020; x_wconf 85' lang='lat' dir='ltr'>parte</span> <span class='ocrx_word' id='word_1_97' title='bbox 1089 954 1176 1004; x_wconf 74' lang='grc' dir='ltr'>2ἀὲ</span> <span class='ocrx_word' id='word_1_98' title='bbox 1217 950 1527 1018; x_wconf 67' lang='lat' dir='ltr'>Philosophia?</span> <span class='ocrx_word' id='word_1_99' title='bbox 1566 953 1760 1005; x_wconf 76' lang='lat' dir='ltr'>moralis</span> 
     </span>
     <span class='ocr_line' id='line_1_14' title="bbox 215 1020 1767 1089; baseline -0.005 -10"><span class='ocrx_word' id='word_1_100' title='bbox 215 1046 325 1081; x_wconf 88' lang='lat' dir='ltr'>cum</span> <span class='ocrx_word' id='word_1_101' title='bbox 350 1026 597 1077; x_wconf 83' lang='lat' dir='ltr'>Aristotele</span> <span class='ocrx_word' id='word_1_102' title='bbox 619 1025 648 1073; x_wconf 83' lang='lat'>1.</span> <span class='ocrx_word' id='word_1_103' title='bbox 670 1040 710 1073; x_wconf 89' lang='lat'>1.</span> <span class='ocrx_word' id='word_1_104' title='bbox 736 1024 876 1073; x_wconf 85' lang='lat' dir='ltr'>Polit.</span> <span class='ocrx_word' id='word_1_105' title='bbox 909 1040 950 1072; x_wconf 89' lang='lat' dir='ltr'>c.</span> <span class='ocrx_word' id='word_1_106' title='bbox 982 1040 1025 1084; x_wconf 84' lang='lat'>3.</span> <span class='ocrx_word' id='word_1_107' title='bbox 1067 1022 1243 1089; x_wconf 80' lang='lat' dir='ltr'>duplex</span> <span class='ocrx_word' id='word_1_108' title='bbox 1275 1024 1338 1073; x_wconf 90' lang='lat' dir='ltr'>est</span> <span class='ocrx_word' id='word_1_109' title='bbox 1366 1042 1377 1073; x_wconf 89' lang='lat'>:</span> <span class='ocrx_word' id='word_1_110' title='bbox 1426 1020 1719 1088; x_wconf 64' lang='lat' dir='ltr'>Dtffioticum</span> <span class='ocrx_word' id='word_1_111' title='bbox 1739 1039 1767 1083; x_wconf 88' lang='lat'>‚·</span> 
     </span>
     <span class='ocr_line' id='line_1_15' title="bbox 219 1091 1757 1160; baseline -0.005 -12"><span class='ocrx_word' id='word_1_112' title='bbox 219 1096 295 1148; x_wconf 89' lang='lat' dir='ltr'>seu</span> <span class='ocrx_word' id='word_1_113' title='bbox 331 1097 476 1147; x_wconf 74' lang='lat' dir='ltr'>herile</span> <span class='ocrx_word' id='word_1_114' title='bbox 501 1137 513 1158; x_wconf 86' lang='lat'><em>‚</em></span> <span class='ocrx_word' id='word_1_115' title='bbox 568 1092 703 1160; x_wconf 89' lang='lat' dir='ltr'>quod</span> <span class='ocrx_word' id='word_1_116' title='bbox 745 1091 886 1142; x_wconf 89' lang='lat' dir='ltr'>habet</span> <span class='ocrx_word' id='word_1_117' title='bbox 912 1093 1151 1143; x_wconf 79' lang='lat' dir='ltr'>Dominus</span> <span class='ocrx_word' id='word_1_118' title='bbox 1186 1092 1235 1142; x_wconf 88' lang='lat' dir='ltr'>in</span> <span class='ocrx_word' id='word_1_119' title='bbox 1271 1091 1587 1155; x_wconf 82' lang='lat' dir='ltr'>mancipium,</span> <span class='ocrx_word' id='word_1_120' title='bbox 1621 1091 1757 1157; x_wconf 91' lang='lat' dir='ltr'>quod</span> 
     </span>
     <span class='ocr_line' id='line_1_16' title="bbox 219 1158 1764 1227; baseline -0.005 -10"><span class='ocrx_word' id='word_1_121' title='bbox 219 1165 447 1217; x_wconf 87' lang='lat' dir='ltr'>voluntati</span> <span class='ocrx_word' id='word_1_122' title='bbox 479 1161 684 1213; x_wconf 88' lang='lat' dir='ltr'>Domini</span> <span class='ocrx_word' id='word_1_123' title='bbox 717 1178 814 1212; x_wconf 91' lang='lat' dir='ltr'>non</span> <span class='ocrx_word' id='word_1_124' title='bbox 845 1162 998 1226; x_wconf 88' lang='lat' dir='ltr'>potest</span> <span class='ocrx_word' id='word_1_125' title='bbox 1039 1178 1147 1219; x_wconf 24' lang='lat' dir='ltr'>non*</span> <span class='ocrx_word' id='word_1_126' title='bbox 1179 1158 1385 1227; x_wconf 81' lang='lat' dir='ltr'>obsequi.</span> <span class='ocrx_word' id='word_1_127' title='bbox 1486 1162 1550 1210; x_wconf 89' lang='lat' dir='ltr'>Et</span> <span class='ocrx_word' id='word_1_128' title='bbox 1609 1161 1764 1212; x_wconf 74' lang='lat' dir='ltr'>Civile</span> 
     </span>
     <span class='ocr_line' id='line_1_17' title="bbox 223 1227 1760 1299; baseline -0.003 -15"><span class='ocrx_word' id='word_1_129' title='bbox 223 1235 487 1293; x_wconf 80' lang='lat' dir='ltr'>Politicum,</span> <span class='ocrx_word' id='word_1_130' title='bbox 513 1229 591 1281; x_wconf 87' lang='lat' dir='ltr'>seu</span> <span class='ocrx_word' id='word_1_131' title='bbox 613 1233 790 1299; x_wconf 79' lang='lat' dir='ltr'>regium</span> <span class='ocrx_word' id='word_1_132' title='bbox 807 1266 818 1288; x_wconf 89' lang='lat'>,</span> <span class='ocrx_word' id='word_1_133' title='bbox 839 1231 915 1280; x_wconf 89' lang='lat' dir='ltr'>cui</span> <span class='ocrx_word' id='word_1_134' title='bbox 934 1248 990 1278; x_wconf 80' lang='lat' dir='ltr'>ex</span> <span class='ocrx_word' id='word_1_135' title='bbox 1017 1228 1185 1293; x_wconf 83' lang='lat' dir='ltr'>justitia</span> <span class='ocrx_word' id='word_1_136' title='bbox 1209 1227 1458 1296; x_wconf 84' lang='lat' dir='ltr'>aliquando</span> <span class='ocrx_word' id='word_1_137' title='bbox 1481 1229 1641 1293; x_wconf 84' lang='lat' dir='ltr'>potest</span> <span class='ocrx_word' id='word_1_138' title='bbox 1658 1247 1760 1284; x_wconf 82' lang='lat' dir='ltr'>non</span> 
     </span>
     <span class='ocr_line' id='line_1_18' title="bbox 222 1296 1757 1368; baseline -0.004 -15"><span class='ocrx_word' id='word_1_139' title='bbox 222 1302 418 1354; x_wconf 82' lang='lat' dir='ltr'>obediri.</span> <span class='ocrx_word' id='word_1_140' title='bbox 491 1304 607 1350; x_wconf 88' lang='lat' dir='ltr'>Tale</span> <span class='ocrx_word' id='word_1_141' title='bbox 641 1298 784 1350; x_wconf 86' lang='lat' dir='ltr'>habet</span> <span class='ocrx_word' id='word_1_142' title='bbox 811 1321 853 1352; x_wconf 90' lang='lat' dir='ltr'>v.</span> <span class='ocrx_word' id='word_1_143' title='bbox 872 1319 918 1368; x_wconf 84' lang='lat' dir='ltr'>g.</span> <span class='ocrx_word' id='word_1_144' title='bbox 941 1300 1035 1347; x_wconf 81' lang='lat' dir='ltr'>Rex</span> <span class='ocrx_word' id='word_1_145' title='bbox 1068 1299 1112 1348; x_wconf 91' lang='lat' dir='ltr'>in</span> <span class='ocrx_word' id='word_1_146' title='bbox 1133 1296 1346 1348; x_wconf 83' lang='lat' dir='ltr'>subditos</span> <span class='ocrx_word' id='word_1_147' title='bbox 1363 1334 1375 1357; x_wconf 81' lang='grc'>,</span> <span class='ocrx_word' id='word_1_148' title='bbox 1410 1298 1487 1361; x_wconf 88' lang='lat' dir='ltr'>qui</span> <span class='ocrx_word' id='word_1_149' title='bbox 1515 1298 1626 1348; x_wconf 72' lang='lat' dir='ltr'>licet</span> <span class='ocrx_word' id='word_1_150' title='bbox 1651 1297 1757 1348; x_wconf 87' lang='lat' dir='ltr'>sub·</span> 
     </span>
     <span class='ocr_line' id='line_1_19' title="bbox 219 1366 1756 1435; baseline -0.003 -13"><span class='ocrx_word' id='word_1_151' title='bbox 219 1373 332 1432; x_wconf 87' lang='lat' dir='ltr'>diti,</span> <span class='ocrx_word' id='word_1_152' title='bbox 363 1386 517 1421; x_wconf 86' lang='lat' dir='ltr'>tamen</span> <span class='ocrx_word' id='word_1_153' title='bbox 549 1369 745 1435; x_wconf 82' lang='lat' dir='ltr'>aliquam</span> <span class='ocrx_word' id='word_1_154' title='bbox 769 1368 944 1418; x_wconf 89' lang='lat' dir='ltr'>habent</span> <span class='ocrx_word' id='word_1_155' title='bbox 979 1366 1238 1417; x_wconf 82' lang='lat' dir='ltr'>libertatem</span> <span class='ocrx_word' id='word_1_156' title='bbox 1327 1366 1554 1418; x_wconf 82' lang='lat' dir='ltr'>potentiis</span> <span class='ocrx_word' id='word_1_157' title='bbox 1585 1384 1756 1434; x_wconf 80' lang='lat' dir='ltr'>corpo·</span> 
     </span>
     <span class='ocr_line' id='line_1_20' title="bbox 220 1435 1764 1504; baseline -0.005 -10"><span class='ocrx_word' id='word_1_158' title='bbox 220 1444 284 1494; x_wconf 81' lang='lat' dir='ltr'>ris</span> <span class='ocrx_word' id='word_1_159' title='bbox 309 1442 521 1490; x_wconf 82' lang='lat' dir='ltr'>voluntas</span> <span class='ocrx_word' id='word_1_160' title='bbox 557 1438 757 1503; x_wconf 81' lang='lat' dir='ltr'>imperat</span> <span class='ocrx_word' id='word_1_161' title='bbox 782 1435 1046 1504; x_wconf 71' lang='lat' dir='ltr'>despotice‚</span> <span class='ocrx_word' id='word_1_162' title='bbox 1073 1437 1181 1502; x_wconf 86' lang='lat' dir='ltr'>quia</span> <span class='ocrx_word' id='word_1_163' title='bbox 1209 1453 1369 1490; x_wconf 87' lang='lat' dir='ltr'>manus</span> <span class='ocrx_word' id='word_1_164' title='bbox 1415 1435 1557 1487; x_wconf 89' lang='lat' dir='ltr'>debet</span> <span class='ocrx_word' id='word_1_165' title='bbox 1595 1452 1764 1504; x_wconf 85' lang='lat' dir='ltr'>tange-</span> 
     </span>
     <span class='ocr_line' id='line_1_21' title="bbox 218 1503 1760 1578; baseline -0.003 -16"><span class='ocrx_word' id='word_1_166' title='bbox 218 1528 295 1573; x_wconf 81' lang='lat' dir='ltr'>re,</span> <span class='ocrx_word' id='word_1_167' title='bbox 324 1510 486 1578; x_wconf 85' lang='lat' dir='ltr'>lingua</span> <span class='ocrx_word' id='word_1_168' title='bbox 511 1506 722 1577; x_wconf 83' lang='lat' dir='ltr'>gustare,</span> <span class='ocrx_word' id='word_1_169' title='bbox 749 1503 842 1555; x_wconf 71' lang='grc' dir='ltr'>δῖε.</span> <span class='ocrx_word' id='word_1_170' title='bbox 879 1504 912 1554; x_wconf 82' lang='lat' dir='ltr'>fi</span> <span class='ocrx_word' id='word_1_171' title='bbox 936 1505 1147 1556; x_wconf 86' lang='lat' dir='ltr'>voluntas</span> <span class='ocrx_word' id='word_1_172' title='bbox 1176 1506 1289 1556; x_wconf 84' lang='lat' dir='ltr'>velit</span> <span class='ocrx_word' id='word_1_173' title='bbox 1306 1546 1318 1570; x_wconf 88' lang='lat'>,</span> <span class='ocrx_word' id='word_1_174' title='bbox 1337 1506 1428 1556; x_wconf 86' lang='lat' dir='ltr'>nisi</span> <span class='ocrx_word' id='word_1_175' title='bbox 1450 1504 1760 1557; x_wconf 84' lang='lat' dir='ltr'>extrinsecum</span> 
     </span>
     <span class='ocr_line' id='line_1_22' title="bbox 222 1572 1760 1645; baseline -0.003 -18"><span class='ocrx_word' id='word_1_176' title='bbox 222 1579 337 1645; x_wconf 79' lang='lat' dir='ltr'>quid</span> <span class='ocrx_word' id='word_1_177' title='bbox 385 1579 535 1627; x_wconf 88' lang='lat' dir='ltr'>obstet</span> <span class='ocrx_word' id='word_1_178' title='bbox 564 1594 605 1625; x_wconf 90' lang='lat' dir='ltr'>v.</span> <span class='ocrx_word' id='word_1_179' title='bbox 635 1593 683 1644; x_wconf 88' lang='lat' dir='ltr'>g.</span> <span class='ocrx_word' id='word_1_180' title='bbox 724 1573 934 1625; x_wconf 81' lang='lat' dir='ltr'>morbus.</span> <span class='ocrx_word' id='word_1_181' title='bbox 1003 1575 1283 1639; x_wconf 83' lang='lat' dir='ltr'>Appetitum</span> <span class='ocrx_word' id='word_1_182' title='bbox 1318 1574 1425 1625; x_wconf 74' lang='lat' dir='ltr'>vero</span> <span class='ocrx_word' id='word_1_183' title='bbox 1464 1572 1760 1638; x_wconf 81' lang='lat' dir='ltr'>sensitivum,</span> 
     </span>
     <span class='ocr_line' id='line_1_23' title="bbox 220 1640 1762 1716; baseline -0.006 -16"><span class='ocrx_word' id='word_1_184' title='bbox 220 1647 628 1716; x_wconf 84' lang='lat' dir='ltr'>imaginationem,</span> <span class='ocrx_word' id='word_1_185' title='bbox 660 1640 754 1692; x_wconf 66' lang='grc' dir='ltr'>ἃς.</span> <span class='ocrx_word' id='word_1_186' title='bbox 790 1643 986 1692; x_wconf 77' lang='lat' dir='ltr'>civiliter</span> <span class='ocrx_word' id='word_1_187' title='bbox 1022 1643 1269 1711; x_wconf 83' lang='lat' dir='ltr'>gubernat,</span> <span class='ocrx_word' id='word_1_188' title='bbox 1297 1644 1422 1694; x_wconf 86' lang='lat' dir='ltr'>unde</span> <span class='ocrx_word' id='word_1_189' title='bbox 1461 1642 1581 1708; x_wconf 79' lang='lat' dir='ltr'>saepe</span> <span class='ocrx_word' id='word_1_190' title='bbox 1623 1643 1762 1714; x_wconf 86' lang='lat' dir='ltr'>cogi-</span> 
     </span>
     <span class='ocr_line' id='line_1_24' title="bbox 221 1710 1765 1779; baseline -0.003 -11"><span class='ocrx_word' id='word_1_191' title='bbox 221 1717 421 1768; x_wconf 87' lang='lat' dir='ltr'>tationes</span> <span class='ocrx_word' id='word_1_192' title='bbox 468 1715 647 1775; x_wconf 61' lang='lat' dir='ltr'>noxiae,</span> <span class='ocrx_word' id='word_1_193' title='bbox 690 1712 1050 1779; x_wconf 84' lang='lat' dir='ltr'>imaginationes</span> <span class='ocrx_word' id='word_1_194' title='bbox 1082 1747 1093 1770; x_wconf 91' lang='lat'>,</span> <span class='ocrx_word' id='word_1_195' title='bbox 1133 1710 1284 1762; x_wconf 80' lang='lat' dir='ltr'>sensus</span> <span class='ocrx_word' id='word_1_196' title='bbox 1323 1730 1417 1763; x_wconf 86' lang='lat' dir='ltr'>non</span> <span class='ocrx_word' id='word_1_197' title='bbox 1449 1711 1598 1761; x_wconf 86' lang='lat' dir='ltr'>statim</span> <span class='ocrx_word' id='word_1_198' title='bbox 1635 1729 1765 1763; x_wconf 84' lang='lat' dir='ltr'>rece-</span> 
     </span>
     <span class='ocr_line' id='line_1_25' title="bbox 223 1781 1766 1850; baseline -0.003 -15"><span class='ocrx_word' id='word_1_199' title='bbox 223 1786 340 1835; x_wconf 88' lang='lat' dir='ltr'>dunt</span> <span class='ocrx_word' id='word_1_200' title='bbox 355 1818 368 1840; x_wconf 92' lang='lat'>,</span> <span class='ocrx_word' id='word_1_201' title='bbox 391 1783 504 1833; x_wconf 91' lang='lat' dir='ltr'>dum</span> <span class='ocrx_word' id='word_1_202' title='bbox 525 1783 738 1832; x_wconf 84' lang='lat' dir='ltr'>voluntas</span> <span class='ocrx_word' id='word_1_203' title='bbox 768 1783 979 1846; x_wconf 83' lang='lat' dir='ltr'>imperat.</span> <span class='ocrx_word' id='word_1_204' title='bbox 1050 1781 1282 1831; x_wconf 79' lang='lat' dir='ltr'>Potentias</span> <span class='ocrx_word' id='word_1_205' title='bbox 1305 1782 1505 1847; x_wconf 84' lang='lat' dir='ltr'>reliquas</span> <span class='ocrx_word' id='word_1_206' title='bbox 1527 1799 1570 1830; x_wconf 88' lang='lat' dir='ltr'>v.</span> <span class='ocrx_word' id='word_1_207' title='bbox 1600 1799 1647 1850; x_wconf 86' lang='lat' dir='ltr'>g.</span> <span class='ocrx_word' id='word_1_208' title='bbox 1674 1798 1766 1830; x_wconf 87' lang='lat' dir='ltr'>nu·</span> 
     </span>
     <span class='ocr_line' id='line_1_26' title="bbox 222 1849 1832 1919; baseline -0.003 -15"><span class='ocrx_word' id='word_1_209' title='bbox 222 1854 422 1904; x_wconf 88' lang='lat' dir='ltr'>tritivam</span> <span class='ocrx_word' id='word_1_210' title='bbox 441 1888 453 1910; x_wconf 83' lang='lat'>‚</span> <span class='ocrx_word' id='word_1_211' title='bbox 482 1849 794 1919; x_wconf 80' lang='lat' dir='ltr'>vegetativam</span> <span class='ocrx_word' id='word_1_212' title='bbox 820 1849 1047 1899; x_wconf 65' lang='lat' dir='ltr'>indii-este</span> <span class='ocrx_word' id='word_1_213' title='bbox 1076 1850 1252 1900; x_wconf 77' lang='lat' dir='ltr'>tantum</span> <span class='ocrx_word' id='word_1_214' title='bbox 1280 1851 1428 1918; x_wconf 81' lang='lat' dir='ltr'>regit,</span> <span class='ocrx_word' id='word_1_215' title='bbox 1464 1864 1607 1915; x_wconf 85' lang='lat' dir='ltr'>prout</span> <span class='ocrx_word' id='word_1_216' title='bbox 1632 1849 1762 1899; x_wconf 84' lang='lat' dir='ltr'>vide·</span> <span class='ocrx_word' id='word_1_217' title='bbox 1830 1884 1832 1886; x_wconf 90' lang='lat'><em>-</em></span> 
     </span>
     <span class='ocr_line' id='line_1_27' title="bbox 220 1918 1764 1989; baseline -0.003 -16"><span class='ocrx_word' id='word_1_218' title='bbox 220 1923 337 1973; x_wconf 87' lang='lat' dir='ltr'>licet</span> <span class='ocrx_word' id='word_1_219' title='bbox 371 1921 459 1970; x_wconf 89' lang='lat' dir='ltr'>illis</span> <span class='ocrx_word' id='word_1_220' title='bbox 494 1920 768 1969; x_wconf 86' lang='lat' dir='ltr'>alimentum</span> <span class='ocrx_word' id='word_1_221' title='bbox 806 1918 917 1968; x_wconf 86' lang='lat' dir='ltr'>dare</span> <span class='ocrx_word' id='word_1_222' title='bbox 955 1919 1027 1968; x_wconf 88' lang='lat' dir='ltr'>vel</span> <span class='ocrx_word' id='word_1_223' title='bbox 1066 1937 1237 1989; x_wconf 80' lang='lat' dir='ltr'>negare</span> <span class='ocrx_word' id='word_1_224' title='bbox 1269 1918 1422 1984; x_wconf 85' lang='lat' dir='ltr'>potest</span> <span class='ocrx_word' id='word_1_225' title='bbox 1452 1936 1539 1986; x_wconf 88' lang='lat' dir='ltr'>pro</span> <span class='ocrx_word' id='word_1_226' title='bbox 1566 1918 1764 1969; x_wconf 81' lang='lat' dir='ltr'>arbitrio</span> 
     </span>
     <span class='ocr_line' id='line_1_28' title="bbox 222 1985 1764 2053; baseline -0.001 -12"><span class='ocrx_word' id='word_1_227' title='bbox 222 1988 321 2041; x_wconf 86' lang='lat' dir='ltr'>suo.</span> <span class='ocrx_word' id='word_1_228' title='bbox 395 1989 561 2039; x_wconf 88' lang='lat' dir='ltr'>Omnis</span> <span class='ocrx_word' id='word_1_229' title='bbox 592 1988 715 2036; x_wconf 50' lang='lat' dir='ltr'>&amp;Tus</span> <span class='ocrx_word' id='word_1_230' title='bbox 756 1987 988 2053; x_wconf 86' lang='lat' dir='ltr'>imperans</span> <span class='ocrx_word' id='word_1_231' title='bbox 1018 1988 1329 2052; x_wconf 85' lang='lat' dir='ltr'>plurimorum</span> <span class='ocrx_word' id='word_1_232' title='bbox 1355 1985 1576 2038; x_wconf 75' lang='lat' dir='ltr'>sententia</span> <span class='ocrx_word' id='word_1_233' title='bbox 1603 1987 1764 2039; x_wconf 83' lang='lat' dir='ltr'>intrin-</span> 
     </span>
     <span class='ocr_line' id='line_1_29' title="bbox 222 2055 1766 2125; baseline 0 -16"><span class='ocrx_word' id='word_1_234' title='bbox 222 2057 374 2109; x_wconf 84' lang='lat' dir='ltr'>secam</span> <span class='ocrx_word' id='word_1_235' title='bbox 406 2056 489 2106; x_wconf 87' lang='lat' dir='ltr'>fibi</span> <span class='ocrx_word' id='word_1_236' title='bbox 520 2055 663 2106; x_wconf 87' lang='lat' dir='ltr'>habet</span> <span class='ocrx_word' id='word_1_237' title='bbox 692 2069 842 2105; x_wconf 87' lang='lat' dir='ltr'>totam</span> <span class='ocrx_word' id='word_1_238' title='bbox 865 2057 1208 2117; x_wconf 78' lang='lat' dir='ltr'>moralitatem3</span> <span class='ocrx_word' id='word_1_239' title='bbox 1245 2074 1329 2125; x_wconf 84' lang='lat' dir='ltr'>per</span> <span class='ocrx_word' id='word_1_240' title='bbox 1364 2055 1412 2107; x_wconf 87' lang='lat' dir='ltr'>se</span> <span class='ocrx_word' id='word_1_241' title='bbox 1436 2058 1563 2107; x_wconf 90' lang='lat' dir='ltr'>enim</span> <span class='ocrx_word' id='word_1_242' title='bbox 1593 2056 1766 2109; x_wconf 69' lang='lat' dir='ltr'>dicitur</span> 
     </span>
     <span class='ocr_line' id='line_1_30' title="bbox 221 2124 1762 2191; baseline 0.001 -15"><span class='ocrx_word' id='word_1_243' title='bbox 221 2126 400 2190; x_wconf 86' lang='lat' dir='ltr'>bonus,</span> <span class='ocrx_word' id='word_1_244' title='bbox 433 2128 504 2177; x_wconf 89' lang='lat' dir='ltr'>vel</span> <span class='ocrx_word' id='word_1_245' title='bbox 526 2125 696 2187; x_wconf 89' lang='lat' dir='ltr'>malus,</span> <span class='ocrx_word' id='word_1_246' title='bbox 721 2125 831 2174; x_wconf 71' lang='lat' dir='ltr'>licet</span> <span class='ocrx_word' id='word_1_247' title='bbox 859 2126 1012 2175; x_wconf 88' lang='lat' dir='ltr'>nullus</span> <span class='ocrx_word' id='word_1_248' title='bbox 1039 2124 1257 2191; x_wconf 84' lang='lat' dir='ltr'>sequatur</span> <span class='ocrx_word' id='word_1_249' title='bbox 1293 2127 1420 2176; x_wconf 64' lang='lat' dir='ltr'>actus</span> <span class='ocrx_word' id='word_1_250' title='bbox 1457 2125 1713 2190; x_wconf 82' lang='lat' dir='ltr'>imperatus</span> <span class='ocrx_word' id='word_1_251' title='bbox 1745 2143 1762 2177; x_wconf 71' lang='grc' dir='ltr'><em>τ</em></span> 
     </span>
     <span class='ocr_line' id='line_1_31' title="bbox 226 2193 1765 2257; baseline 0.001 -12"><span class='ocrx_word' id='word_1_252' title='bbox 226 2195 381 2245; x_wconf 84' lang='lat' dir='ltr'>omnis</span> <span class='ocrx_word' id='word_1_253' title='bbox 407 2196 516 2246; x_wconf 75' lang='lat' dir='ltr'>vero</span> <span class='ocrx_word' id='word_1_254' title='bbox 547 2194 673 2243; x_wconf 41' lang='lat' dir='ltr'>acius</span> <span class='ocrx_word' id='word_1_255' title='bbox 700 2193 952 2257; x_wconf 88' lang='lat' dir='ltr'>imperatus</span> <span class='ocrx_word' id='word_1_256' title='bbox 989 2195 1170 2245; x_wconf 76' lang='lat' dir='ltr'>tantum</span> <span class='ocrx_word' id='word_1_257' title='bbox 1212 2194 1558 2245; x_wconf 74' lang='lat' dir='ltr'>denominative</span> <span class='ocrx_word' id='word_1_258' title='bbox 1591 2194 1765 2246; x_wconf 77' lang='lat' dir='ltr'>dicitur</span> 
     </span>
     <span class='ocr_line' id='line_1_32' title="bbox 221 2259 1768 2327; baseline 0.001 -13"><span class='ocrx_word' id='word_1_259' title='bbox 221 2263 402 2326; x_wconf 87' lang='lat' dir='ltr'>bonus,</span> <span class='ocrx_word' id='word_1_260' title='bbox 429 2265 502 2312; x_wconf 91' lang='lat' dir='ltr'>vel</span> <span class='ocrx_word' id='word_1_261' title='bbox 526 2262 701 2321; x_wconf 68' lang='lat' dir='ltr'>malus7</span> <span class='ocrx_word' id='word_1_262' title='bbox 731 2259 906 2310; x_wconf 86' lang='lat' dir='ltr'>scilicet</span> <span class='ocrx_word' id='word_1_263' title='bbox 934 2261 989 2311; x_wconf 92' lang='lat' dir='ltr'>ab</span> <span class='ocrx_word' id='word_1_264' title='bbox 1018 2264 1121 2312; x_wconf 68' lang='lat' dir='ltr'>achi</span> <span class='ocrx_word' id='word_1_265' title='bbox 1144 2264 1401 2327; x_wconf 85' lang='lat' dir='ltr'>imperante</span> <span class='ocrx_word' id='word_1_266' title='bbox 1423 2267 1547 2312; x_wconf 93' lang='lat' dir='ltr'>bono</span> <span class='ocrx_word' id='word_1_267' title='bbox 1574 2264 1650 2321; x_wconf 84' lang='lat' dir='ltr'>vel</span> <span class='ocrx_word' id='word_1_268' title='bbox 1669 2281 1768 2316; x_wconf 81' lang='lat' dir='ltr'>ma·</span> 
     </span>
     <span class='ocr_line' id='line_1_33' title="bbox 226 2329 1764 2398; baseline 0 -16"><span class='ocrx_word' id='word_1_269' title='bbox 226 2336 283 2385; x_wconf 85' lang='lat' dir='ltr'>Io</span> <span class='ocrx_word' id='word_1_270' title='bbox 305 2368 317 2391; x_wconf 86' lang='lat'>‚</span> <span class='ocrx_word' id='word_1_271' title='bbox 346 2329 398 2380; x_wconf 69' lang='grc' dir='ltr'><strong>ἃ</strong></span> <span class='ocrx_word' id='word_1_272' title='bbox 428 2331 542 2381; x_wconf 89' lang='lat' dir='ltr'>ideo</span> <span class='ocrx_word' id='word_1_273' title='bbox 573 2347 616 2380; x_wconf 89' lang='lat' dir='ltr'>v.</span> <span class='ocrx_word' id='word_1_274' title='bbox 638 2350 686 2398; x_wconf 86' lang='lat' dir='ltr'>g.</span> <span class='ocrx_word' id='word_1_275' title='bbox 722 2330 1038 2397; x_wconf 87' lang='lat' dir='ltr'>colloquium,</span> <span class='ocrx_word' id='word_1_276' title='bbox 1076 2331 1354 2394; x_wconf 86' lang='lat' dir='ltr'>ambulatio,</span> <span class='ocrx_word' id='word_1_277' title='bbox 1389 2330 1487 2382; x_wconf 71' lang='grc' dir='ltr'>δῖε.</span> <span class='ocrx_word' id='word_1_278' title='bbox 1525 2333 1764 2382; x_wconf 83' lang='lat' dir='ltr'>moralita-</span> 
     </span>
     <span class='ocr_line' id='line_1_34' title="bbox 224 2398 1765 2467; baseline 0.001 -16"><span class='ocrx_word' id='word_1_279' title='bbox 224 2416 320 2451; x_wconf 85' lang='lat' dir='ltr'>tem</span> <span class='ocrx_word' id='word_1_280' title='bbox 351 2400 490 2450; x_wconf 88' lang='lat' dir='ltr'>habet</span> <span class='ocrx_word' id='word_1_281' title='bbox 517 2398 596 2449; x_wconf 86' lang='lat' dir='ltr'>fibi</span> <span class='ocrx_word' id='word_1_282' title='bbox 624 2399 802 2448; x_wconf 73' lang='lat' dir='ltr'>tantum</span> <span class='ocrx_word' id='word_1_283' title='bbox 828 2398 1142 2450; x_wconf 83' lang='lat' dir='ltr'>extrinsecam.</span> <span class='ocrx_word' id='word_1_284' title='bbox 1212 2401 1499 2467; x_wconf 82' lang='lat' dir='ltr'>Principium</span> <span class='ocrx_word' id='word_1_285' title='bbox 1524 2401 1765 2453; x_wconf 52' lang='lat' dir='ltr'>actionum</span> 
     </span>
     <span class='ocr_line' id='line_1_35' title="bbox 223 2466 1767 2535; baseline 0 -14"><span class='ocrx_word' id='word_1_286' title='bbox 223 2469 292 2521; x_wconf 86' lang='lat' dir='ltr'>est</span> <span class='ocrx_word' id='word_1_287' title='bbox 324 2468 474 2519; x_wconf 91' lang='lat' dir='ltr'>homo</span> <span class='ocrx_word' id='word_1_288' title='bbox 494 2500 509 2527; x_wconf 74' lang='grc'><strong>,</strong></span> <span class='ocrx_word' id='word_1_289' title='bbox 534 2485 618 2534; x_wconf 82' lang='lat' dir='ltr'>per</span> <span class='ocrx_word' id='word_1_290' title='bbox 640 2468 919 2517; x_wconf 64' lang='lat' dir='ltr'>intellectum</span> <span class='ocrx_word' id='word_1_291' title='bbox 939 2507 952 2531; x_wconf 88' lang='lat'>‚</span> <span class='ocrx_word' id='word_1_292' title='bbox 989 2466 1042 2518; x_wconf 73' lang='grc' dir='ltr'>δε</span> <span class='ocrx_word' id='word_1_293' title='bbox 1070 2472 1357 2520; x_wconf 89' lang='lat' dir='ltr'>voluntatem</span> <span class='ocrx_word' id='word_1_294' title='bbox 1388 2487 1601 2535; x_wconf 89' lang='lat' dir='ltr'>operans.</span> <span class='ocrx_word' id='word_1_295' title='bbox 1678 2471 1767 2522; x_wconf 81' lang='lat' dir='ltr'>Ille</span> 
     </span>
     <span class='ocr_line' id='line_1_36' title="bbox 225 2535 1766 2605; baseline 0.002 -17"><span class='ocrx_word' id='word_1_296' title='bbox 225 2536 377 2588; x_wconf 85' lang='lat' dir='ltr'>tendit</span> <span class='ocrx_word' id='word_1_297' title='bbox 400 2537 448 2586; x_wconf 89' lang='lat' dir='ltr'>in</span> <span class='ocrx_word' id='word_1_298' title='bbox 473 2553 663 2593; x_wconf 79' lang='lat' dir='ltr'>verum3</span> <span class='ocrx_word' id='word_1_299' title='bbox 690 2536 770 2586; x_wconf 85' lang='lat' dir='ltr'>iste</span> <span class='ocrx_word' id='word_1_300' title='bbox 798 2537 848 2586; x_wconf 89' lang='lat' dir='ltr'>in</span> <span class='ocrx_word' id='word_1_301' title='bbox 874 2535 1071 2587; x_wconf 90' lang='lat' dir='ltr'>bonum.</span> <span class='ocrx_word' id='word_1_302' title='bbox 1139 2541 1254 2589; x_wconf 80' lang='lat' dir='ltr'>Haec</span> <span class='ocrx_word' id='word_1_303' title='bbox 1285 2538 1383 2588; x_wconf 92' lang='lat' dir='ltr'>duo</span> <span class='ocrx_word' id='word_1_304' title='bbox 1404 2536 1511 2588; x_wconf 88' lang='lat' dir='ltr'>sunt</span> <span class='ocrx_word' id='word_1_305' title='bbox 1533 2538 1766 2605; x_wconf 77' lang='lat' dir='ltr'>principia</span> 
     </span>
    </p>

    <p class='ocr_par' dir='ltr' id='par_1_4' title="bbox 194 2603 1769 2876">
     <span class='ocr_line' id='line_1_37' title="bbox 194 2603 1763 2676; baseline 0.001 -20"><span class='ocrx_word' id='word_1_306' title='bbox 194 2610 205 2622; x_wconf 87' lang='lat'><em>&#39;</em></span> <span class='ocrx_word' id='word_1_307' title='bbox 227 2606 410 2664; x_wconf 86' lang='lat' dir='ltr'>innata,</span> <span class='ocrx_word' id='word_1_308' title='bbox 436 2603 516 2655; x_wconf 86' lang='lat' dir='ltr'>seu</span> <span class='ocrx_word' id='word_1_309' title='bbox 543 2603 724 2654; x_wconf 88' lang='lat' dir='ltr'>homini</span> <span class='ocrx_word' id='word_1_310' title='bbox 757 2604 1038 2671; x_wconf 68' lang='lat' dir='ltr'>intrirfi’ca5</span> <span class='ocrx_word' id='word_1_311' title='bbox 1076 2607 1161 2656; x_wconf 88' lang='lat' dir='ltr'>alia</span> <span class='ocrx_word' id='word_1_312' title='bbox 1186 2605 1288 2658; x_wconf 88' lang='lat' dir='ltr'>sunt</span> <span class='ocrx_word' id='word_1_313' title='bbox 1320 2606 1579 2671; x_wconf 65' lang='lat' dir='ltr'>extrirfica</span> <span class='ocrx_word' id='word_1_314' title='bbox 1594 2626 1611 2664; x_wconf 86' lang='lat'>,·</span> <span class='ocrx_word' id='word_1_315' title='bbox 1638 2625 1679 2658; x_wconf 86' lang='lat' dir='ltr'>v.</span> <span class='ocrx_word' id='word_1_316' title='bbox 1712 2626 1763 2676; x_wconf 83' lang='lat' dir='ltr'>g.</span> 
     </span>
     <span class='ocr_line' id='line_1_38' title="bbox 229 2672 1767 2743; baseline 0.003 -19"><span class='ocrx_word' id='word_1_317' title='bbox 229 2675 482 2736; x_wconf 67' lang='lat' dir='ltr'>diret‘liva,</span> <span class='ocrx_word' id='word_1_318' title='bbox 512 2673 564 2723; x_wconf 74' lang='lat' dir='ltr'>ut</span> <span class='ocrx_word' id='word_1_319' title='bbox 593 2674 691 2723; x_wconf 85' lang='lat' dir='ltr'>lex:</span> <span class='ocrx_word' id='word_1_320' title='bbox 723 2672 808 2722; x_wconf 85' lang='lat' dir='ltr'>alia</span> <span class='ocrx_word' id='word_1_321' title='bbox 824 2676 1065 2743; x_wconf 69' lang='lat' dir='ltr'>acqusfi&#39;ta,</span> <span class='ocrx_word' id='word_1_322' title='bbox 1093 2676 1144 2725; x_wconf 79' lang='lat' dir='ltr'>ut</span> <span class='ocrx_word' id='word_1_323' title='bbox 1167 2675 1353 2726; x_wconf 87' lang='lat' dir='ltr'>habitus</span> <span class='ocrx_word' id='word_1_324' title='bbox 1376 2678 1608 2726; x_wconf 81' lang='lat' dir='ltr'>virtutum.</span> <span class='ocrx_word' id='word_1_325' title='bbox 1655 2677 1767 2728; x_wconf 76' lang='lat' dir='ltr'>Alia</span> 
     </span>
     <span class='ocr_line' id='line_1_39' title="bbox 228 2741 1766 2813; baseline 0.001 -20"><span class='ocrx_word' id='word_1_326' title='bbox 228 2741 406 2808; x_wconf 77' lang='lat' dir='ltr'>inficfh,</span> <span class='ocrx_word' id='word_1_327' title='bbox 437 2742 488 2791; x_wconf 74' lang='lat' dir='ltr'>ut</span> <span class='ocrx_word' id='word_1_328' title='bbox 505 2741 652 2813; x_wconf 79' lang='lat' dir='ltr'>gratia</span> <span class='ocrx_word' id='word_1_329' title='bbox 678 2741 940 2794; x_wconf 65' lang='lat' dir='ltr'>habitualis.</span> <span class='ocrx_word' id='word_1_330' title='bbox 1008 2746 1216 2808; x_wconf 85' lang='lat' dir='ltr'>Utraque</span> <span class='ocrx_word' id='word_1_331' title='bbox 1229 2745 1439 2809; x_wconf 87' lang='lat' dir='ltr'>potentia</span> <span class='ocrx_word' id='word_1_332' title='bbox 1454 2743 1595 2794; x_wconf 86' lang='lat' dir='ltr'>habet</span> <span class='ocrx_word' id='word_1_333' title='bbox 1621 2746 1766 2808; x_wconf 62' lang='lat' dir='ltr'>actus,</span> 
     </span>
     <span class='ocr_line' id='line_1_40' title="bbox 227 2808 1769 2876; baseline 0.003 -14"><span class='ocrx_word' id='word_1_334' title='bbox 227 2809 284 2862; x_wconf 68' lang='grc' dir='ltr'>ἃ</span> <span class='ocrx_word' id='word_1_335' title='bbox 310 2810 511 2863; x_wconf 81' lang='lat' dir='ltr'>habitus.</span> <span class='ocrx_word' id='word_1_336' title='bbox 592 2808 796 2864; x_wconf 82' lang='lat' dir='ltr'>Habitus</span> <span class='ocrx_word' id='word_1_337' title='bbox 820 2827 910 2876; x_wconf 69' lang='lat' dir='ltr'>per,</span> <span class='ocrx_word' id='word_1_338' title='bbox 938 2812 1237 2866; x_wconf 76' lang='lat' dir='ltr'>Aristotelem</span> <span class='ocrx_word' id='word_1_339' title='bbox 1263 2813 1325 2866; x_wconf 86' lang='lat' dir='ltr'>est</span> <span class='ocrx_word' id='word_1_340' title='bbox 1353 2813 1546 2866; x_wconf 83' lang='lat' dir='ltr'>facilitas</span> <span class='ocrx_word' id='word_1_341' title='bbox 1581 2827 1683 2863; x_wconf 83' lang='lat' dir='ltr'>orta</span> <span class='ocrx_word' id='word_1_342' title='bbox 1711 2831 1769 2867; x_wconf 80' lang='lat' dir='ltr'>ex</span> 
     </span>
    </p>

    <p class='ocr_par' dir='ltr' id='par_1_5' title="bbox 1485 2881 1710 2949">
     <span class='ocr_line' id='line_1_41' title="bbox 1485 2881 1710 2949; baseline 0.004 -17"><span class='ocrx_word' id='word_1_343' title='bbox 1485 2881 1710 2949; x_wconf 78' lang='lat' dir='ltr'>frequen-</span> 
     </span>
    </p>
   </div>
  </div>
 </body>
</html>
