1832 3151
281 91 400 154 104
699 68 1274 159 fficwfflssss

206 182 472 248 trophaeum
505 180 665 248 gloriae
694 179 864 230 statuit.
958 180 1108 230 Pudet
1127 178 1369 231 beneficiis
1396 173 1621 229 cumulari
1648 209 1660 233 ,
1696 171 1750 224 &

208 268 331 318 quos
363 247 467 299 ante
490 246 727 299 beneficos
758 249 1148 311 exuleeravimus,
1174 251 1359 318 ingrata
1391 244 1613 314 prosequi
1630 260 1751 290 mor-

211 334 274 368 te.
361 319 615 385 Praeplacet
648 316 807 367 furore
837 315 988 383 pofito
1029 319 1175 368 vicem
1211 317 1439 375 reddere,
1483 314 1535 364 ἃ
1567 313 1619 361 ut
1644 310 1756 359 tibia

213 385 433 452 superato
470 388 657 436 vulnere
679 385 943 455 integratur
976 385 1165 450 fortius,
1203 387 1263 437 fic
1289 384 1484 436 sanctius
1526 382 1588 432 est
1607 379 1756 428 faedus

216 457 370 507 aemufi
392 492 404 515 ,
439 458 580 522 quam
615 454 821 520 primum
849 456 1061 505 amantis.
1172 458 1321 505 Vetus
1354 454 1403 502 id
1438 452 1656 518 quidem:
1688 464 1759 496 re-

214 524 468 575 conciliato
490 522 550 574 ne
571 521 677 572 fide.
749 528 815 574 At
838 521 871 571 fi
899 522 1148 574 benefaffis
1176 523 1444 573 certandum
1473 519 1526 571 fit
1549 555 1562 578 ,
1580 529 1760 567 eertum

213 593 434 660 praeelige
461 592 734 654 inimicum,
772 592 883 657 quia
908 592 1119 642 acerbius
1151 594 1332 641 nullum
1357 590 1514 641 animo
1548 588 1646 650 ejus
1660 585 1759 634 vul-

213 679 304 713 nus
342 660 588 717 inflixeris,
628 678 678 710 ac
709 661 777 709 tui
809 660 1090 710 memoriam
1130 659 1372 719 beneficii3
1405 657 1582 708 saucius
1617 671 1663 706 te
1692 652 1761 702 se·

216 744 410 796 quetur‚
441 728 518 779 etfi
545 728 685 779 serius
712 743 954 794 tempore,
983 729 1222 781 ardentius
1244 745 1416 779 tamen.
1500 727 1661 776 Vitam
1680 741 1760 773 an·

216 798 263 848 te
285 797 413 847 suam
444 796 673 864 pofiturus
699 838 712 859 ,
759 800 901 863 quam
930 798 998 846 tui
1023 815 1245 848 amorem.
1342 794 1543 848 Causam
1571 794 1704 860 cupis
1731 793 1754 840 ?
1827 821 1829 835 ι

213 867 410 931 Sapiens
434 867 483 916 in
508 866 771 916 Proverbiis
784 866 981 915 eandem
1006 865 1210 916 indicat:
1233 864 1508 916 beneficium
1537 864 1760 913 collatum

209 938 388 986 aemulo
425 953 593 1000 prunas
622 952 721 985 non
759 935 850 992 iam
886 933 937 984 in
971 948 1144 999 caput,
1191 933 1271 986 sed
1303 936 1351 984 in
1392 932 1539 983 finum
1575 947 1765 981 contor-

209 1020 338 1069 quet.
409 1005 522 1052 Urit
556 1020 764 1053 mentem
793 1002 1034 1052 mernoria
1065 1003 1280 1064 constans
1311 1000 1555 1060 beneficii,
1610 1000 1765 1052 donee

215 1073 330 1122 odio
359 1071 510 1138 pofito
532 1073 769 1122 flammam
810 1071 1075 1138 concipiat,
1119 1070 1172 1120 &
1196 1071 1276 1124 “vel
1312 1071 1506 1121 invitam
1539 1070 1675 1136 cogit
1710 1071 1761 1120 in
1812 1081 1816 1094 ¹

214 1140 430 1192 officium
466 1140 815 1209 gratitudinem.
870 1137 1079 1204 vNempe
1102 1139 1341 1191 barbaries
1362 1140 1491 1189 nulla
1519 1139 1766 1206 talemge·
1811 1173 1816 1190 ;

211 1209 315 1261 nuit
337 1208 708 1266 Salamandram,
741 1205 906 1273 quaein
931 1207 1267 1257 beneficiorum
1280 1207 1469 1277 ignibus
1494 1206 1630 1256 duret
1649 1205 1765 1257 sem·
1812 1228 1817 1269 g

217 1295 328 1344 per,
357 1276 621 1339 &duretur
651 1277 866 1342 ampliu&
938 1277 1073 1326 Dum
1099 1276 1125 1324 ὲ
1155 1280 1315 1326 contra
1335 1280 1588 1328 Vertumni
1622 1276 1765 1326 alicu·
1812 1313 1817 1341 3

212 1348 285 1412 jus
326 1346 463 1395 amici
493 1346 538 1395 in
564 1345 716 1396 finum
751 1341 973 1412 congesta
1008 1344 1153 1409 pietas
1200 1361 1317 1396 aurae
1353 1343 1617 1412 spargitur,
1658 1347 1766 1411 quia

212 1414 363 1467 nativa
391 1414 695 1465 inconstantia
726 1411 908 1462 mobili.
976 1412 1227 1464 Inimicum
1253 1416 1391 1473 cole,
1428 1414 1629 1464 amicum
1658 1432 1768 1465 cen-
1811 1434 1816 1442 ·

219 1485 358 1546 tuplo
393 1483 758 1533 constantiorem
790 1479 985 1541 fundas,
1007 1484 1173 1546 quam,
1211 1497 1288 1546 ut,
1328 1499 1474 1549 quem
1510 1496 1674 1533 natura
1693 1484 1765 1535 vel
1811 1478 1817 1490 ’Ἴ

212 1550 336 1601 fraus
374 1549 572 1600 dubium
595 1551 682 1600 tibi
719 1548 857 1612 Fecit,
901 1563 1077 1598 certum
1109 1549 1281 1601 reddas
1303 1551 1551 1602 Achatem.
1648 1555 1761 1604 Rara
1816 1572 1817 1577 ¹

213 1637 420 1685 namque
453 1635 524 1670 ars
560 1620 678 1685 lapis
703 1617 779 1667 ille
806 1616 1184 1683 Philosophieus,
1213 1622 1400 1671 volatile
1425 1619 1656 1684 ejusmodi
1678 1642 1762 1675 ens
1815 1652 1817 1657 ·

212 1687 262 1736 in
289 1705 451 1738 aurum
484 1687 772 1753 puriffimum
797 1683 851 1734 &
878 1684 1084 1752 figendi,
1113 1684 1166 1734 ὃς
1196 1685 1420 1757 fingendi.
1496 1690 1624 1738 Dum
1647 1705 1762 1743 con-
1811 1744 1818 1750 ,

217 1757 312 1810 tra,
344 1755 392 1804 ut
422 1756 541 1807 intra
567 1754 799 1806 montium
823 1752 989 1804 viscera
1020 1754 1153 1822 ignes
1199 1768 1369 1806 terram
1403 1759 1451 1808 in
1481 1775 1642 1807 aurum
1683 1779 1761 1810 ex-
1815 1789 1818 1814 z

218 1823 550 1894 eoquu11t‚fic
582 1821 923 1874 beneficiorum
944 1822 1080 1888 ignes
1118 1825 1190 1872 vel
1216 1823 1401 1875 aversos
1426 1864 1439 1889 ‚
1489 1825 1563 1875 vel
1604 1827 1765 1880 adver·
1812 1879 1814 1881 .

460 1889 536 1945 sos
563 1894 749 1945 animos
770 1891 1027 1958 congenita
1054 1891 1224 1943 virtute
1244 1894 1293 1944 in
1318 1909 1522 1948 amantes

844 1955 1128 2011 conservant.

1504 2846 1689 2914 Qum-
