1832 3151
508 56 1083 172 fflmffiss*
1398 100 1474 154 ει

26 211 251 245 amorum.
354 195 466 258 Qlae
500 191 675 252 omnia,
714 190 846 256 quod
889 191 937 240 in
974 189 1208 241 absentem
1238 208 1336 243 non
1368 194 1562 252 cadant,

24 281 189 316 verum
223 261 267 310 id
299 260 536 311 Athen-xi:
576 277 664 308 non
688 257 805 322 fimt
845 261 981 306 amici
1009 300 1022 321 ,
1072 263 1150 326 qui
1177 262 1339 325 procul
1379 262 1561 329 degunt.

26 332 169 382 Nihil
199 332 386 381 virtutes
423 344 609 388 moror,
647 343 749 393 quae
781 327 1027 376 mirificum
1055 326 1157 377 sunt
1192 330 1383 378 amantis
1405 329 1564 380 incita·

27 416 255 459 mentum,
285 398 352 445 n‘il
380 395 533 446 officia
568 409 727 445 mutua
764 392 995 445 observari
1025 396 1124 445 illas
1154 410 1276 446 vetat
1319 390 1519 449 absentia}
1551 418 1562 447 :

27 466 127 516 haec
151 463 364 516 rescindit
391 464 606 513 locorum
646 463 868 513 distantia.
940 463 1215 531 Ingeniosus
1249 482 1460 515 amorum
1496 467 1563 516 lu·

25 534 103 584 sor
137 534 258 583 malo
298 529 382 582 suo
412 531 628 583 edoetus:
658 531 793 597 Soepe
831 531 999 596 per‘iss'e
1027 550 1157 589 amor
1187 535 1249 582 est
1269 573 1281 595 ,
1313 552 1395 599 per
1423 536 1564 601 longa

28 603 199 654 silentia
228 598 359 651 risus.
429 600 610 651 Animae
638 617 743 666 pars
769 600 907 649 altera
926 598 1116 650 amicus.
1191 604 1337 669 Qis,
1366 600 1565 652 absentia

25 685 254 731 mortem,
294 669 345 717 ut
381 666 611 733 praesentix‘i
635 669 775 718 vitam
807 666 975 730 tribui,
1005 669 1226 720 miretur?
1259 669 1352 719 hoc
1384 685 1494 720 vota
1513 671 1564 721 il-

23 740 67 789 ia
97 736 347 788 absentium
385 736 702 801 comprobant
734 733 1028 794 amicorum3
1071 737 1187 787 uniri
1224 741 1453 804 cupiunt,
1490 739 1562 788 vel

21 808 160 866 ideo,
181 821 233 856 ut
267 805 526 855 animentur
562 802 949 871 quodammode,
994 819 1072 854 aut
1095 805 1217 854 certe
1253 807 1555 873 tranquillita-

24 888 120 926 tem
143 874 406 941 magnetica
431 872 583 923 sumat
602 889 711 923 acus
740 873 911 921 Polum
928 871 1063 921 s'uum
1089 875 1383 942 contingenS.
1439 878 1555 926 Lan·

29 957 156 1011 galet¹
179 959 306 992 amot
331 941 500 993 distans
521 978 532 1000 ,
563 941 748 991 flamma
772 955 955 990 remota
981 943 1114 1005 perit.
1186 945 1337 995 Prima
1356 962 1560 1010 namque

24 1012 264 1062 amantum
290 1011 381 1060 dos
418 1030 429 1059 :
463 1027 624 1059 coram
660 1008 861 1069 habere,
888 1009 1021 1073 quod
1053 1011 1203 1075 cupis.
1293 1013 1483 1062 Naturae
1507 1014 1561 1060 il·

2 1079 104 1131 ,lud
131 1079 221 1130 five
254 1096 496 1136 arcanum,
530 1076 621 1126 sive
649 1076 928 1143 prodigium
973 1077 1062 1138 est,
1102 1097 1198 1130 non
1230 1077 1338 1129 ferri
1365 1084 1483 1130 ultra
1510 1081 1562 1129 li-

4 1150 203 1199 mitem.-
270 1149 432 1198 Virtus
464 1143 636 1206 causae‚
662 1143 695 1192 fi
714 1144 1123 1210 Philosophorum
1149 1146 1278 1196 sensit
1309 1150 1561 1214 loquimur,

23 1216 314 1267 uniformiter
347 1214 628 1263 difformiter
663 1213 774 1280 agit.
847 1212 983 1282 Quasi
1019 1216 1129 1264 vero
1165 1228 1324 1265 natura
1349 1216 1565 1285 ipsaage-

20 1303 69 1338 re
97 1299 174 1334 aut
198 1285 350 1346 nolit,
388 1299 466 1334 aut
496 1281 669 1332 nesciat
707 1282 755 1331 vi‘
781 1282 974 1347 majori,
1004 1282 1093 1332 nisi
1122 1284 1170 1331 in
1199 1301 1276 1345 ea,
1317 1303 1419 1350 quae
1452 1286 1559 1335 vici·

20 1352 167 1404 nlora.
253 1352 395 1402 Aliud
427 1351 489 1400 est
522 1350 725 1416 pretium
755 1350 852 1410 rei,
883 1349 1010 1399 aliud
1054 1351 1258 1402 affeetu&
1343 1356 1556 1404 Primum

0 1417 141 1470 *fama
179 1418 296 1486 saepe
325 1419 572 1477 conciliat,
599 1419 696 1468 imo
730 1417 825 1468 fet-c
853 1418 990 1468 etiam
1021 1434 1179 1488 auget.
1250 1424 1459 1473 Alterum
1485 1422 1559 1473 so·

0 1483 64 1553 3312
87 1487 195 1539 facit
215 1488 450 1555 poffeffio.
521 1487 769 1550 Amicitia,
800 1485 831 1536 fi
859 1485 1060 1553 perfecta
1098 1489 1176 1552 fit,
1199 1504 1451 1559 utrumque
1482 1491 1562 1542 ha-

0 1573 9 1630 [
22 1557 142 1606 beat.
230 1561 289 1607 Et
316 1556 572 1621 voluptatis
608 1557 730 1606 enim
766 1552 818 1604 &
856 1556 1026 1606 mentis
1062 1557 1123 1607 est
1159 1562 1561 1624 complementum

0 1625 215 1690 rumiens.
285 1625 484 1674 Pretium
517 1622 610 1674 fine
642 1623 808 1674 affectu
842 1625 988 1673 multa
1007 1640 1241 1676 merentur
1272 1626 1324 1677 &
1346 1628 1426 1678 fibi
1453 1648 1560 1680 ven·

0 1679 11 1746 [⁴
24 1692 206 1754 dicant,
237 1712 337 1761 quae
367 1710 467 1744 non
484 1690 591 1742 visa.
659 1691 891 1742 Affcc'tum
916 1691 1007 1741 fine
1040 1695 1195 1757 pretio
1224 1696 1424 1759 eripiunt
1443 1700 1560 1746 mul.

0 1758 92 1823 τε,
121 1779 222 1827 quae
243 1764 411 1814 statum
430 1760 678 1812 dedecent.
749 1762 1040 1825 Utrumque,
1068 1764 1174 1827 quia
1207 1782 1338 1813 rarus
1363 1767 1438 1828 est,
1463 1783 1559 1815 me·

0 1773 173 1893 iretur,
200 1829 252 1880 &
285 1832 439 1896 explet
471 1830 648 1879 amicus
693 1826 903 1892 praesenS.
992 1828 1072 1878 Sic
1102 1831 1227 1880 enim
1256 1832 1460 1897 pretium
1491 1831 1562 1883 sui

20 1910 187 1964 auget,
220 1899 329 1964 quia
363 1899 413 1950 in
445 1898 546 1948 dies
578 1895 836 1963 probatus:
866 1894 1109 1963 affectum,
1139 1900 1247 1965 quia
1277 1903 1424 1952 amori
1455 1903 1560 1952 red-

22 1964 141 2017 dens
172 1983 398 2016 amorem.

572 2035 673 2095 AB
702 2053 781 2095 SE
806 2055 1018 2099 NTtA.

158 2121 260 2174 Uid
291 2117 483 2174 satietati
523 2125 759 2177 causiindae
783 2125 960 2190 aptius,
997 2139 1134 2192 atque
1169 2127 1289 2177 adeo
1329 2124 1514 2177 fastidio
1544 2168 1554 2188 ,

191 2207 244 2241 ac
268 2193 485 2257 perennis
523 2195 830 2246 communio?
865 2193 1123 2245 Nauseatur
1149 2195 1203 2244 &
1234 2196 1453 2260 voluptas
1472 2230 1484 2253 ,
1508 2194 1560 2246 ἃ

26 2276 172 2326 epm,
212 2276 311 2326 quae
336 2277 497 2311 coram
526 2261 721 2329 semper.
811 2266 1010 2327 Rarum,
1052 2265 1245 2314 charum
1273 2263 1396 2313 fere‘:
1433 2261 1484 2312 &
1519 2281 1562 2313 a·

7 2327 282 2379 'bundantia
308 2327 483 2394 dapum
518 2331 739 2382 obtundit
764 2333 907 2398 palati
940 2332 1177 2403 gaudium.
1266 2332 1450 2382 Suavius
1471 2332 1534 2381 est
1553 2368 1564 2389 ‚

26 2396 162 2462 quod
196 2396 397 2447 multum
435 2401 712 2465 appetitui-3
761 2402 1025 2466 appetitur,
1065 2400 1195 2465 quod
1238 2398 1438 2450 absentia
1470 2399 1562 2467 ipsa

9 2463 328 2521 ,desiderabile
354 2465 524 2517 reddit.
592 2468 788 2528 Invide,
823 2468 1043 2519 dicebant
1078 2465 1261 2519 Thisbe
1292 2485 1402 2517 cum
1427 2471 1563 2534 Pyra·

9 2533 134 2595 ]m0,
172 2533 355 2598 parieS‚
417 2535 527 2600 quid
564 2536 822 2588 amantibus
861 2537 1012 2588 obstas
1046 2537 1068 2586 ἶ)
1113 2535 1356 2603 Congruit
1390 2552 1562 2603 nempe

9 2599 228 2663 †‚.absentia
263 2600 346 2668 ipfi
375 2605 546 2653 amoris
576 2605 782 2660 motivo·
885 2610 1082 2657 Amatur
1133 2604 1397 2662 ιιι-ἀεικῶς,
1425 2605 1558 2670 quod

10 2697 13 2726 ’ς
24 2672 214 2737 grande.
289 2672 561 2723 Grandescit
587 2673 637 2724 &
671 2677 820 2742 gloria
841 2713 855 2739 ,
883 2673 933 2723 ἃ
969 2673 1188 2733 nomine,
1215 2672 1348 2739 quod
1380 2673 1562 2723 eminus

11 2741 148 2818 μεριξ
191 2739 417 2801 spectatur
442 2776 460 2799 .‚
508 2751 623 2790 dum
661 2744 685 2790 ἐ
716 2758 876 2793 contra
913 2741 1145 2809 frequenti
1189 2741 1309 2790 inter
1342 2740 1562 2792 hoininee

35 2807 148 2856 vitio
180 2806 344 2858 minuit
373 2810 490 2875 saepe
509 2814 748 2877 praesentia
800 2817 1002 2876 tamam,
1046 2823 1184 2877 atque
1207 2809 1326 2861 adeo
1367 2809 1562 2861 amantii

1369 2893 1473 2946 gra-
