1832 3151
498 114 1068 203 ffl(0)&}3
1411 135 1475 219 333

33 246 83 281 ut
110 232 183 281 illa
213 226 264 277 sit
296 228 425 277 omni
450 239 644 277 externo
669 225 912 277 dominatu
929 224 1051 289 (nisi
1076 221 1195 274 forte
1225 221 1428 290 ssipi-emi
1448 229 1560 282 Mo·

31 295 246 364 nar-chat)
266 296 409 345 libera
424 329 437 356 ‚
475 293 526 343 δί
546 294 753 359 perfecto
780 295 980 361 imperio
1003 306 1153 344 utatur
1167 293 1222 342 ad
1239 293 1558 357 judicandum,

33 365 86 416 &
115 364 402 416 statuendum
427 362 487 411 de
516 363 653 413 rebus
681 361 786 414 suis.

137 434 313 485 Civitas
334 428 516 497 sumpta
552 429 799 482 secundum
828 428 1266 481 administrationem
1297 427 1559 493 prudentiae

28 518 126 553 non
164 512 389 561 mutatur,
422 498 594 549 etiamfi
633 512 868 549 mutentur
894 518 975 566 per
1011 513 1214 547 mortem
1242 535 1254 559 ‚
1292 497 1364 546 vel
1402 497 1555 548 casum

32 569 168 620 alium
202 566 444 627 homines3
480 566 592 617 ficut
610 569 770 619 fluvius
798 582 956 617 manet
975 567 1120 626 idem,
1148 563 1261 615 lice't
1283 566 1415 630 prior
1441 584 1558 631 aqua

31 635 216 686 defluat.
284 636 411 686 Nam
438 647 592 685 totum
622 636 789 686 dicitur
817 635 981 684 mutari
1013 634 1192 684 tantum
1229 638 1398 683 mutat&
1421 635 1559 685 inter·

30 707 89 755 nfi
121 702 283 753 forma.
357 704 406 753 Si
432 720 547 772 ergo
577 704 674 752 baec
694 703 843 754 forma
868 703 1104 762 Civitatis,
1132 719 1232 767 quae
1255 699 1318 751 est
1354 702 1462 750 ordo
1473 720 1556 770 gu-

30 771 286 834 bertlandi,
315 786 492 831 manet,
521 773 629 822 licet
663 786 901 823 mutentur
933 771 1057 821 cives
1083 769 1195 836 ipsi,
1219 785 1370 820 tamen
1400 787 1557 820 mane-

32 837 100 890 bit
138 840 309 902 civitas.
381 841 459 890 Sic
491 839 522 889 fi
553 840 773 890 Austriaci
816 841 864 889 in
903 837 1054 889 Asiam
1098 837 1216 903 pulsi
1245 838 1480 888 Austriacfi
1506 856 1556 887 u-

32 922 186 958 tantur
217 907 501 973 Republica,
523 909 616 958 dici
665 908 812 973 posset
844 909 889 958 in
910 906 1013 959 Afia
1044 908 1130 957 effe
1154 906 1403 957 Austriam.
1486 908 1558 956 Ut

32 977 154 1026 canit
186 981 327 1026 Po'e'ta
359 977 418 1026 de
451 976 657 1025 Camillo
682 977 811 1041 Vejis
835 977 1033 1042 degente
1058 990 1165 1024 cum
1193 973 1311 1024 suis:
1338 972 1556 1025 habitan-

31 1059 80 1093 te
106 1045 288 1093 Camillo
316 1047 412 1094 illic
448 1044 592 1092 Roma
616 1045 738 1109 fitit.
808 1044 969 1093 Simile
989 1043 1114 1092 aliud
1147 1043 1225 1092 dat
1252 1041 1527 1093 Aristoteles
1544 1082 1556 1106 ,

29 1111 232 1162 chorum
272 1112 494 1180 tragicum
528 1114 552 1161 a
584 1111 792 1162 Comico
817 1111 1002 1160 differre
1025 1123 1222 1175 propter
1251 1109 1480 1174 formam,
1504 1111 1559 1159 li·

29 1181 107 1230 cet
136 1182 184 1231 in
215 1195 414 1247 utroque
433 1179 608 1230 astores
641 1181 729 1230 fint
753 1180 997 1237 homines3
1023 1178 1085 1228 fic
1117 1178 1243 1228 solus
1267 1178 1384 1228 ordo
1407 1178 1556 1228 diver-

28 1245 104 1298 sus
147 1248 481 1299 Monarchicus
510 1282 524 1308 ,
576 1249 649 1299 vel
676 1247 1036 1301 Aristocraticus
1069 1247 1296 1299 diversam
1323 1246 1561 1299 constituit

29 1316 293 1369 Civitatem.

134 1386 288 1435 Situm
316 1384 464 1436 Urbis
496 1385 663 1436 merito
694 1383 999 1437 commendat
1021 1381 1362 1450 Philosophus,
1384 1383 1473 1449 .qui
1495 1381 1560 1434 sa·

34 1450 176 1503 lubris
210 1454 289 1503 est.
357 1453 502 1504 Unde
539 1472 666 1520 aquae
686 1491 698 1514 ‚
724 1456 875 1513 venti,
901 1467 1019 1502 terra
1052 1451 1310 1518 spestanda.
1396 1456 1516 1504 Item
1545 1487 1558 1512 ,

0 1544 3 1578 i
31 1521 112 1588 qui
133 1521 195 1570 est
221 1522 277 1572 ad
300 1540 418 1590 opes
440 1523 698 1591 augendas,
728 1525 870 1589 qualis
896 1521 982 1584 est,
1007 1520 1037 1570 si
1060 1520 1201 1584 mari,
1239 1523 1311 1574 vel
1337 1521 1481 1570 fluvio
1507 1519 1562 1570 fit

0 1610 3 1638 2
33 1587 169 1640 adsita
197 1590 372 1643 civitas.
403 1607 450 1651 7.
476 1595 578 1642 Pol.
609 1609 648 1642 c.
670 1609 689 1641 1
709 1608 746 1640 1.
819 1595 1025 1656 Experta
1060 1589 1110 1638 id
1142 1591 1314 1652 Roma,
1342 1590 1394 1639 ut
1417 1589 1560 1639 habet

2 1659 7 1707 i
34 1657 253 1710 Caufinus
284 1660 347 1709 D.
380 1676 459 1719 47.
487 1675 596 1727 quce
621 1660 735 1710 dum
758 1660 890 1710 claffe
929 1659 1072 1708 caruit
1101 1691 1114 1716 ‚
1146 1654 1234 1708 suis
1265 1670 1484 1709 contenta
1505 1655 1562 1705 fi-

36 1725 210 1787 nibus3
248 1727 328 1778 ubi
361 1746 489 1779 mare
517 1730 709 1782 tentavit
734 1728 916 1780 Duillio
934 1762 946 1785 ‚
983 1724 1035 1774 ὃ(
1055 1724 1278 1776 Cornelio
1318 1723 1561 1788 Ducibus,

0 1794 135 1843 orbi
155 1809 346 1861 caeperat
378 1797 624 1848 dominari.
691 1797 843 1846 Testis
874 1793 1122 1845 Hollandia
1154 1795 1364 1843 omnium
1395 1794 1564 1857 inops,

0 1833 13 1920 i·
39 1859 92 1910 ἃ
127 1877 285 1915 tamen
327 1865 564 1919 abtuidans
608 1866 837 1917 omnium.
909 1863 1052 1913 Gallia
1088 1875 1269 1912 tantum
1312 1861 1358 1913 in
1390 1863 1561 1914 florem

0 1922 16 2000 [ἦ
42 1932 210 1983 ενεᾶε.

0 1998 15 2053 ‘2‘
143 1998 391 2050 Salubritas
425 2002 537 2050 aeris
569 2001 644 2051 his
686 1999 784 2051 fere
815 1997 1024 2051 definitur
1053 2033 1066 2059 ,
1109 1996 1238 2064 quod
1260 1997 1385 2049 Urbs
1409 1995 1563 2048 versus

14 2066 17 2076 ’
37 2065 266 2115 orientem
292 2066 370 2116 fita
398 2066 686 2118 saluberrima
709 2067 962 2132 censeatur,
985 2083 1081 2117 tum
1104 2065 1227 2131 quod
1256 2066 1456 2134 benigna
1476 2083 1568 2116 cce·

39 2133 70 2183 li
107 2133 158 2181 sit
192 2134 450 2198 influentia,
485 2154 585 2201 quae
604 2137 797 2187 habetur
822 2139 845 2186 a
881 2137 1042 2203 primis
1063 2134 1170 2185 {olis
1190 2133 1351 2196 radiis,
1379 2132 1430 2182 ὃς
1454 2132 1568 2182 fide-

20 2219 146 2250 ‚rum
182 2202 354 2253 oriente
373 2203 447 2253 die
475 2205 718 2255 affluentia.
753 2206 1073 2256 Amaeniratem
1095 2203 1263 2252 horum
1287 2200 1565 2267 praeterCo-

11 2292 15 2298 ’
38 2266 345 2337 finographos
364 2309 377 2333 ‚
400 2271 451 2322 &
478 2273 751 2341 Astrologos
771 2274 884 2324 illud
909 2292 962 2324 ex
985 2274 1122 2321 Sacra
1134 2271 1358 2334 Scriptara
1383 2269 1568 2319 testatur

23 2338 170 2404 ‘quod
196 2339 452 2390 Paradisum
481 2376 492 2400 ,
524 2338 575 2390 8<
601 2357 763 2392 terram
802 2340 1137 2408 promissionis,
1175 2340 1319 2397 laRe,
1356 2336 1407 2386 ὅτ
1432 2338 1570 2387 melle

26 2421 307 2471 {manantem
333 2408 389 2457 ad
418 2411 658 2459 Orientem
675 2412 915 2463 Dominus
940 2409 1156 2460 fundzirit.
1191 2410 1320 2456 Tum
1344 2406 1470 2470 quod
1491 2414 1567 2455 a‘e'r

17 2478 19 2510 ἶ
49 2473 224 2524 ibidem
243 2476 502 2539 puriffimus
518 2512 531 2534 ,
556 2478 607 2525 &
628 2479 753 2530 venti
783 2476 1077 2537 salubriores,
1111 2493 1216 2526 cum
1240 2474 1395 2539 aquis:
1428 2488 1568 2543 utpo-

14 2588 17 2589 7
50 2554 94 2591 te
123 2544 229 2593 cnm
262 2542 329 2592 hae
349 2543 455 2594 solis
482 2542 660 2596 cursum
685 2546 952 2612 sequentes,
974 2548 1181 2611 puriores
1200 2543 1295 2592 fint.
1336 2546 1477 2608 Aquae
1506 2540 1570 2591 sa·

49 2609 188 2660 lubi-is
208 2624 318 2661 nota
333 2611 407 2663 fit:
449 2630 547 2678 quae
568 2630 701 2665 motu
720 2614 995 2665 velocissima
1015 2649 1026 2671 ‚
1045 2611 1356 2676 limpidiffima
1371 2610 1570 2676 aspeef‘cffi

18 2687 36 2726 “,
53 2677 257 2745 pondere
289 2681 528 2744 levissima,
555 2686 780 2734 conco'chi
810 2682 1048 2741 facillima,
1078 2681 1133 2729 ab
1155 2695 1258 2728 ortu
1286 2680 1332 2727 in
1357 2678 1571 2728 occasum

4 2803 6 2806 ι
34 2746 293 2797 concitata.
328 2749 454 2799 Nam
478 2752 576 2802 talis
601 2771 711 2817 aqua
737 2751 978 2800 minimum
1005 2748 1191 2814 uliginis
1210 2783 1220 2805 ‚
1239 2746 1288 2794 ἃ
1311 2747 1569 2795 crassiorum

3 2829 18 2862 ι’
36 2832 38 2838 “
57 2826 180 2863 terrae
202 2817 523 2880 particularum
543 2820 684 2872 vehit.
717 2823 791 2871 Ex
804 2818 994 2885 quibus:
1021 2815 1224 2884 separato
1246 2816 1300 2865 ab
1326 2815 1382 2866 iis
1411 2815 1575 2863 humo-

39 2919 43 2964 ἰ
101 2902 196 2942 Phil.
218 2907 358 2944 Morum
370 2912 461 2947 Pars
482 2911 530 2948 11.
765 2887 807 2938 Ε
1423 2900 1470 2932 se
1491 2918 1500 2938 ²
