1832 3151
1821 0 1832 55 i

350 114 470 181 150⁴
718 97 1294 189 {Q'CCUQZ

267 201 385 255 siem
405 237 418 263 ,
456 212 670 252 eventum
696 203 880 260 Curiae3
913 202 1028 268 quid
1053 204 1280 256 felicitatis
1302 198 1517 256 fundabit.
1535 205 1700 257 notitia
1716 245 1731 267 ,
1756 203 1794 257 fi
1819 227 1824 240 ν’

269 274 419 320 virtus
448 287 553 320 cum
590 272 795 321 Hercule
823 271 1100 323 desideretur
1129 273 1151 322 ’ἒ
1187 273 1287 323 Nifi
1322 290 1513 323 manum
1540 275 1792 325 admoveas

272 354 408 390 remo
428 372 440 395 ,
474 354 708 403 nunquam
742 340 872 391 navis
908 341 1094 392 infidias
1127 342 1289 393 evadet
1327 341 1540 392 malaciae.
1610 348 1669 393 At
1715 342 1797 392 hie

272 405 429 463 labor,
467 404 564 455 hoc
595 423 712 472 opus
736 425 974 458 armorum
995 409 1060 459 est
1083 445 1095 467 ,
1128 427 1224 462 non
1259 408 1563 461 consiliorum.
1622 413 1796 473 (ssot-Ia,

271 472 331 522 δί
348 471 564 524 securitas
585 472 802 526 sementis
828 474 1076 540 praedulcis
1096 477 1187 536 est,
1223 479 1348 527 alteri
1374 495 1475 529 non
1504 478 1628 529 cedit
1664 478 1797 538 falci,
1826 500 1829 507 ¹

272 543 415 604 quam
443 544 723 595 executioni.
817 546 1026 594 Servatur
1052 559 1249 608 utroque
1270 584 1282 607 ‚
1319 544 1369 593 &
1406 561 1598 614 augetur
1623 549 1799 612 Respu·
1830 580 1832 583 -

278 607 432 666 blica,
467 612 558 661 una
581 609 634 660 &
655 628 891 662 armorum
921 615 1076 663 tutela.
1145 613 1408 664 Lustremus
1441 613 1656 681 imperia3
1687 628 1800 680 quot

276 677 481 744 seperias
507 694 686 729 mentes
706 717 716 737 ‚
757 680 929 747 quibus
955 681 1003 731 ut
1024 680 1142 732 nihi}
1160 680 1337 749 grande
1362 680 1500 732 nimis
1520 721 1535 745 ,
1571 699 1647 732 aut
1659 682 1804 732 horri-

280 744 394 794 dum
421 782 430 802 ,
464 745 523 796 fic
547 746 856 813 speculationi
895 748 1071 798 modus
1095 783 1109 806 ‚
1151 751 1224 799 via
1245 782 1259 807 ,
1293 749 1446 798 moles
1474 751 1626 800 omnis
1660 754 1799 817 qnam

279 812 636 879 perspefi’tiiiima
673 815 811 881 sunt,
847 817 1050 868 Grandia
1090 814 1197 867 sunt
1239 815 1533 868 confiliomm
1579 821 1761 870 oracula
1786 822 1825 883 !¹

281 895 326 929 at
357 880 519 947 simul,
555 902 606 934 ac
635 884 928 935 admovenda
958 887 1088 935 clavo
1113 886 1248 937 fuerit
1279 886 1492 944 dexteru
1528 887 1610 937 ubi
1635 890 1805 937 auden·

282 946 396 998 dum
424 986 435 1006 ,
471 952 704 1019 agendum
729 988 742 1013 ‚
774 956 1023 1022 languent,
1058 953 1314 1005 concidunt
1364 955 1534 1005 omnia.
1614 955 1804 1020 Nempe

285 1016 473 1068 diversae
509 1019 572 1068 est
597 1021 700 1071 aleae
740 1020 962 1089 speculari
992 1024 1210 1092 grandia,
1249 1022 1300 1071 δὲ
1333 1021 1580 1073 conficere.
1625 1025 1764 1074 Rarus
1792 1062 1807 1087 ‚

287 1087 368 1151 qui
402 1102 475 1137 aut
516 1089 658 1151 velit,
725 1093 830 1156 quia
865 1089 1092 1150 arduum3
1128 1104 1204 1141 aut
1232 1091 1393 1155 poffit,
1435 1092 1541 1157 quia
1580 1090 1805 1142 decorum

285 1153 433 1204 istud:
477 1154 725 1221 speculatio
758 1158 960 1224 phu-ium
991 1159 1134 1209 decus
1172 1158 1252 1209 est.
1351 1160 1476 1210 Bella
1500 1194 1513 1218 ‚
1562 1158 1614 1210 &
1650 1175 1817 1211 arenas

283 1223 422 1273 etiam
454 1224 574 1273 inter
614 1229 782 1289 poeula
816 1243 1001 1292 erepant
1031 1230 1190 1285 multi,
1219 1232 1396 1278 tentant
1427 1232 1575 1294 pauci.
1658 1235 1817 1297 Quan-

284 1290 386 1339 tum
421 1293 634 1358 generosi
659 1313 787 1345 mero
818 1335 830 1358 ‚
869 1295 1058 1346 tantum
1087 1310 1350 1346 metuentes
1380 1293 1615 1364 sanguine.
1665 1296 1817 1348 Aliud*

289 1358 355 1408 est
379 1360 422 1408 iu
449 1363 661 1411 conclavi
688 1399 700 1422 ‚
736 1366 808 1413 vel
833 1365 948 1414 inter
973 1367 1170 1429 pocula,
1199 1365 1322 1414 aliud
1350 1364 1399 1415 in
1426 1365 1576 1415 stadio
1597 1403 1609 1426 ‚
1655 1363 1705 1414 ἃ
1727 1367 1809 1416 vir·

287 1438 390 1475 tute
422 1428 604 1479 hostem
631 1432 846 1482 fitndere.
899 1433 1093 1483 Audent
1126 1433 1176 1483 id
1204 1433 1337 1483 multi
1361 1467 1373 1492 ,
1402 1434 1505 1497 quia
1528 1433 1817 1492 temeritatiszfl

286 1495 480 1560 poss‘unt
506 1496 598 1548 hoc
634 1500 797 1565 pauci,
836 1500 944 1565 quia
977 1499 1123 1551 solius
1148 1500 1214 1551 est
1251 1500 1371 1562 dos,
1409 1499 1462 1549 &
1499 1518 1583 1551 cos
1610 1503 1817 1558 virtutis,

290 1566 396 1627 Qua
424 1582 539 1615 num
575 1566 661 1617 [ert
678 1583 777 1618 etur
812 1566 1126 1633 Respublica?
1165 1570 1466 1618 Politicorum
1510 1569 1689 1619 dubitat
1730 1586 1809 1619 ne·

287 1648 390 1681 mo.
458 1634 609 1685 Facile
641 1635 699 1686 de
724 1636 900 1687 summa
930 1654 1112 1696 rerum,
1155 1637 1213 1685 de
1246 1634 1486 1702 sanguinis
1516 1637 1704 1704 gurgite
1726 1637 1807 1686 de·

287 1700 516 1763 cernitur,
552 1702 634 1753 ubi
665 1719 758 1760 tuta
787 1707 940 1755 omnia
962 1739 973 1760 ,
1001 1703 1053 1754 &
1089 1723 1176 1770 pax
1212 1705 1353 1771 pleno
1383 1706 1542 1754 annuit
1578 1705 1680 1753 risu.
1747 1710 1818 1754 At.

290 1770 425 1826 CUiUS
467 1768 543 1822 hic
566 1770 772 1823 frufius?
813 1774 902 1822 nisi
936 1791 1185 1823 armorum.
1273 1769 1490 1839 Distepta
1537 1772 1596 1821 de
1633 1774 1808 1838 praelio·

288 1853 394 1886 rum
425 1840 691 1891 eventibus:
731 1841 946 1908 periculis
975 1841 1201 1891 bellorum
1235 1880 1245 1903 ,
1280 1857 1500 1904 quantum
1535 1840 1671 1892 libet:
1714 1842 1816 1892 nisiv

286 1922 409 1955 arma
433 1924 530 1956 rem
559 1908 748 1959 statuant
777 1945 787 1962 ,
841 1928 948 1978 ages
993 1911 1122 1961 nihil.
1204 1907 1436 1959 Audendo
1457 1949 1469 1970 ,
1508 1906 1558 1958 ἃ
1590 1908 1770 1977 agendo
1793 1940 1817 1969 9,

286 1988 385 2023 non
416 1973 635 2042 segnibus
669 1977 864 2027 consiliis
903 1978 1076 2029 servata
1118 1976 1219 2027 fimt
1267 1996 1372 2026 cum
1415 1980 1559 2027 Roma
1599 1978 1814 2044 imperia„

287 2041 555 2107 Nunquam
590 2060 877 2101 tormentum
907 2046 1124 2096 bellicum
1153 2046 1334 2096 hostem
1358 2059 1434 2095 aut
1466 2060 1696 2112 proteret,
1733 2059 1815 2096 aut,

290 2111 540 2160 arcendum
583 2126 725 2163 terret
761 2153 772 2177 ,
825 2115 916 2165 nisi
967 2117 1082 2184 igne
1111 2129 1242 2165 tonet
1272 2112 1481 2163 admoto.
1568 2113 1813 2164 Difficilior‘

289 2175 472 2242 semper
493 2178 590 2231 sors
628 2182 717 2241 est,
751 2183 901 2233 virum
939 2184 1038 2232 viro
1067 2198 1331 2250 opponere,
1371 2184 1505 2246 quam
1553 2181 1817 2232 consulere.'

291 2248 433 2297 Multi
462 2248 681 2299 derebus
711 2252 849 2318 gestis
879 2253 1073 2316 perinde
1097 2290 1109 2312 ‚
1171 2268 1223 2300 ac
1265 2250 1477 2318 gerendis
1519 2250 1678 2300 dicunt
1711 2249 1809 2300 sen-

290 2316 483 2364 tentiam
517 2352 530 2375 ,
567 2335 677 2383 quas
715 2337 875 2386 gerere
916 2321 985 2368 vei
1018 2318 1228 2379 nossent,
1265 2319 1334 2366 vel
1380 2315 1523 2367 ausuri
1561 2335 1809 2383 nunquam.

292 2380 468 2433 Rivales
500 2384 636 2435 habet
678 2384 918 2439 sexcentos
945 2385 1165 2437 securitas
1193 2385 1476 2450 Reipublicae
1505 2385 1685 2452 semper
1706 2421 1717 2443 ‚
1763 2400 1809 2435 at

292 2446 397 2499 solo
428 2451 602 2504 consilii
629 2454 774 2504 illicio
808 2474 908 2510 non
932 2457 1124 2521 capitur.
1196 2456 1379 2504 Virtute
1400 2472 1520 2521 opus
1543 2455 1631 2513 est,
1669 2468 1717 2502 ut
1744 2467 1810 2502 te·

290 2533 470 2570 neatur.
541 2521 683 2572 Viros
726 2540 847 2574 amat
892 2524 1076 2576 ausuum
1107 2559 1119 2583 ,
1181 2541 1283 2574 non
1314 2523 1612 2591 ingeniorum
1644 2521 1806 2572 dunta-

288 2601 380 2637 xat.
462 2589 655 2640 Mineua
679 2591 861 2643 consilia
900 2611 1012 2644 acue
1034 2627 1045 2651 ,
1068 2594 1392 2643 executionem
1418 2592 1554 2641 deme
1579 2604 1590 2648 3
1628 2588 1805 2640 tantum

287 2655 422 2718 egisti
443 2693 455 2716 ,
492 2675 543 2708 ae
573 2656 605 2706 fi
633 2661 861 2710 colossum
882 2700 894 2724 ,
933 2662 1007 2711 cui
1034 2660 1216 2724 pondus
1243 2660 1445 2711 innititur
1469 2696 1482 2721 ‚
1539 2657 1804 2710 ademreris.

287 2724 426 2776 Tolle
455 2743 603 2780 arma,
644 2729 810 2798 aegyde
848 2729 1018 2781 carebit
1045 2729 1320 2788 Provincia,
1360 2744 1458 2791 quae
1490 2727 1628 2777 armis
1659 2726 1800 2787 fulta,

282 2806 450 2845 eruore
488 2791 671 2852 hostico
696 2832 710 2859 ‚
763 2799 887 2852 lauis
929 2799 1032 2852 vice
1071 2796 1197 2868 pasta
1227 2795 1448 2850 terminos
1492 2793 1794 2920 proguxiffeu

1624 2880 1727 2921 nen
