1832 3151
505 116 1078 206 ffiffl(0)ffi}
1367 143 1477 205 ¹79

35 227 274 294 repentina
312 227 422 281 facit
453 246 548 280 non
578 229 710 294 raro,
745 246 822 282 aut
851 233 1026 284 collisio
1091 232 1291 296 entium,
1321 253 1420 301 quae
1448 237 1550 291 fieri

37 297 155 347 inter
183 302 398 348 mortales
422 311 497 346 aut
521 297 648 346 furor
667 332 681 358 ‚
718 314 794 348 aut
820 301 988 361 virtus,
1045 250 1096 350 ξ
1137 302 1322 365 aequitas
1363 319 1548 372 tempo-

34 383 135 414 rum
163 366 296 426 juliit.
381 369 445 415 At
475 367 540 414 rei
571 370 730 416 natura
758 363 830 415 sua
854 366 1048 416 instabili
1081 371 1378 434 perennitatis
1407 374 1546 424 adde·

32 450 81 482 re
122 430 302 490 robur,
350 432 394 480 id
434 433 557 481 enim
589 432 696 482 vero
740 434 922 485 virtutis
960 452 1033 486 res
1073 437 1137 485 est
1167 438 1359 489 Divinae.
1431 443 1547 491 Sunt

33 497 110 549 sua
142 501 276 550 rebus
305 497 491 567 lingulis
522 496 752 550 crescendi
776 516 1022 569 tempora,
1056 501 1106 555 ἃ
1141 501 1186 554 se
1213 506 1415 572 augendi
1439 542 1450 566 ,
1478 509 1544 560 est

30 567 78 617 St
106 583 358 636 regnorum
378 569 526 618 limes.
611 568 699 618 Sua
723 570 877 620 exedit
909 571 1070 621 teredo
1103 571 1310 621 arborem
1334 609 1345 633 ‚
1374 577 1547 642 rubigo

31 635 204 686 ferrum
235 652 248 693 3
300 632 373 684 sua
410 635 474 685 est
505 637 658 706 regnis
685 655 857 706 aerugO.
959 640 1111 688 Decus
1150 656 1287 690 omne
1309 680 1321 703 ‚
1360 644 1429 691 vel
1454 644 1543 708 eo,

30 704 158 770 quod
190 704 368 770 grande
392 702 471 762 fit,
501 705 854 755 admirationem
889 706 1117 771 primum,
1165 723 1261 758 tum
1302 708 1441 760 etiam
1475 711 1545 762 in-

34 771 202 824 vidiam
229 775 350 830 ciet3
375 771 497 821 hanc
525 775 816 823 aemulanu‘im
837 775 983 841 ungui
1005 777 1203 841 praedam
1238 776 1446 842 eripere,
1478 796 1547 828 ar.

36 839 145 899 dui,
183 839 299 886 mibi
331 839 531 902 credito,
577 858 646 889 res
687 841 750 891 est
792 840 976 891 laboris.
1065 844 1323 906 Amplior-is
1362 864 1434 896 res
1481 861 1546 896 ta·

32 905 427 968 menfacinoris,
473 911 540 960 vel
563 907 758 959 fundare
790 907 963 975 sceptra
983 946 996 972 ,
1042 908 1114 959 vel
1139 928 1307 976 angere
1343 910 1546 965 fundata.

30 976 148 1027 Non
176 976 303 1040 pacis
332 977 410 1024 hie
439 975 636 1039 Rufius,
672 980 744 1027 vel
771 978 858 1027 otii
892 976 985 1039 est,
1037 974 1111 1025 sed
1143 976 1294 1027 bellici
1320 978 1544 1032 fulminis.

32 1044 87 1095 Id
125 1047 205 1108 qni
245 1044 388 1104 ausit,
432 1044 609 1094 nedum
651 1045 783 1110 poffit
808 1079 822 1106 ,
873 1062 982 1095 auro
1024 1045 1197 1114 dignus
1230 1045 1436 1098 &lauro
1479 1050 1543 1100 est

33 1113 235 1173 animus,
271 1113 434 1176 virque
467 1114 564 1161 viro
602 1115 762 1169 maior.
839 1111 1183 1163 Profimdunnu·
1209 1131 1405 1179 namque
1434 1119 1550 1167 Pro·

29 1180 282 1230 vincinrum
305 1181 453 1230 aeraria
474 1215 487 1239 ,
522 1183 637 1230 dum
659 1179 757 1246 pari
775 1180 928 1241 fluxu,
957 1197 1047 1246 qno
1069 1179 1303 1246 impendia
1317 1183 1546 1236 *fundator

32 1262 218 1317 erogat,
244 1249 524 1313 compendia
565 1251 755 1316 relegat.
838 1248 1124 1301 Devorandae
1166 1247 1266 1299 sum
1309 1254 1549 1315 tempesta·

31 1329 133 1366 tum
168 1315 788 1374 iliades,fulminavertenda
807 1317 853 1366 in
881 1318 1088 1383 pastum,
1129 1317 1174 1366 in
1205 1317 1422 1368 delicium
1449 1319 1547 1371 san-

35 1384 159 1453 guis.
227 1387 287 1433 Et
317 1383 409 1436 baec
438 1387 591 1436 omnia
617 1401 712 1435 tam
743 1387 915 1435 incerta
936 1385 1115 1452 semper
1145 1385 1310 1436 Martis
1339 1387 1458 1450 alea,
1493 1387 1547 1439 δε

37 1453 186 1511 sorte,
210 1468 261 1502 ut
286 1450 400 1516 saepe
427 1456 504 1516 qui
523 1454 674 1503 alienis
700 1453 858 1502 terrori
885 1452 1063 1501 futurus
1094 1453 1316 1515 creditur,
1355 1454 1430 1504 vix
1451 1454 1547 1520 ipse

0 1545 2 1570 ;
33 1521 121 1574 fiiis
147 1519 362 1585 auspiciis
385 1519 584 1572 satisdet.
653 1519 851 1585 Principi
883 1520 1044 1570 omnia
1064 1518 1162 1588 ipso
1181 1519 1274 1570 fere
1303 1521 1436 1572 initio
1469 1541 1548 1589 pe·

0 1611 3 1640 ε
33 1590 165 1642 ciculi
199 1592 339 1655 plena
365 1586 482 1640 sunt.
524 1592 651 1639 Tum
675 1589 802 1652 quod
824 1589 1000 1637 radices
1025 1587 1234 1637 nondum
1261 1590 1369 1638 altas
1397 1588 1548 1643 fixerit

40 1660 194 1725 planta
205 1678 222 1719 3
248 1671 346 1706 tum
377 1657 504 1724 quod
527 1657 726 1707 acriores
763 1655 858 1706 fere
893 1657 938 1704 in
967 1657 1190 1721 primitias
1225 1655 1306 1706 fint
1331 1660 1546 1708 temulan-

39 1727 138 1777 tfim
167 1725 370 1776 infidi-3:
405 1726 482 1776 seu
512 1726 617 1791 quia
653 1725 816 1774 tenella
852 1721 948 1773 fere
978 1725 1253 1800 praeplacent
1274 1758 1289 1785 ‚
1329 1724 1404 1773 seu
1439 1727 1548 1790 quia

2 1801 9 1844 f
36 1793 213 1846 facilius
240 1794 385 1844 credit
413 1792 453 1844 se
485 1793 615 1843 furor
635 1791 919 1856 triumphare
941 1791 1066 1857 posse
1097 1792 1363 1856 principio,
1408 1795 1549 1858 quam

41 1863 155 1912 dum
174 1865 301 1912 mota
327 1863 551 1929 temporis
579 1860 728 1911 moltis
753 1862 867 1910 vires
888 1860 1063 1909 auxerit
1087 1857 1197 1910 suas.
1237 1857 1451 1924 Suspeaa
1469 1880 1548 1914 ne-

41 1929 150 1981 bula
168 1967 180 1991 ,
225 1932 418 1998 pruina,
443 1931 567 1981 venti
591 1930 781 1979 floribus
803 1928 980 1993 primis.
1048 1929 1165 1978 Dies
1198 1944 1283 1977 una
1322 1928 1554 1991 periculo-

6 2039 7 2045 ,
40 2017 141 2050 rum
168 2000 331 2049 fundat
363 2000 561 2057 nostes,
597 2013 678 2060 ut,
726 2013 833 2062 quas
871 1993 987 2062 saepe
1015 2011 1210 2046 numero
1252 1997 1402 2044 lauros
1438 1998 1550 2048 anni

2 2087 9 2091 ¹
36 2068 189 2116 tulere
212 2103 224 2125 ‚
256 2066 300 2116 in
315 2064 464 2133 spinas
495 2066 635 2116 turbo
655 2078 893 2115 convertat
923 2076 1178 2114 momento.
1248 2063 1463 2115 Conliliis
1482 2064 1551 2115 so·

39 2135 97 2186 lis
120 2153 238 2201 opus
272 2135 357 2198 est,
393 2150 447 2184 ut
473 2134 636 2185 tuearis
665 2147 789 2198 parta
807 2169 818 2190 ,
855 2133 1005 2193 aneia,
1038 2132 1111 2181 vel
1139 2129 1325 2180 ftmdata
1347 2133 1556 2197 imperia3

47 2219 95 2253 ut
124 2203 288 2252 fundes
319 2206 390 2254 vel
418 2221 582 2272 augeas
604 2238 616 2261 ‚
654 2199 894 2271 jungenda
928 2197 1108 2262 insuper
1152 2199 1214 2248 est
1250 2199 1554 2252 Providentiae

45 2271 366 2335 Imperantt‘im
390 2272 607 2321 industria
624 2305 636 2329 ‚
663 2271 739 2321 cui
763 2268 988 2318 fortitudo
1006 2264 1097 2331 ipsa
1112 2266 1394 2330 vix,quant›a
1410 2285 1556 2332 quan·

42 2356 90 2390 ta
109 2337 173 2387 est
201 2374 213 2396 ‚
249 2337 426 2389 suffieit.
477 2340 660 2388 Nutant
700 2337 822 2388 enim
851 2337 901 2385 in
937 2349 1172 2385 momenta
1197 2333 1369 2401 lingula
1411 2336 1554 2387 initia.

0 2432 2 2467 5
48 2406 193 2460 Cadit
223 2403 506 2470 frequentius
530 2404 609 2470 spe
640 2404 714 2454 sua
735 2403 977 2462 industria,
1015 2404 1211 2467 palmam
1236 2404 1431 2452 alienam
1456 2420 1556 2454 cer·

48 2492 161 2527 nens
180 2513 193 2536 ,
228 2491 362 2537 quam
384 2472 508 2524 suam
528 2472 637 2531 elie,
670 2472 740 2520 vel
766 2470 863 2520 fore
882 2470 1114 2520 credebat.
1156 2470 1378 2534 Jurantin
1403 2472 1558 2537 perni-

0 2561 16 2578 ··
51 2544 168 2594 ciem
207 2541 323 2605 fata,
358 2540 410 2591 ὃ(
447 2541 653 2593 cladibus
681 2555 915 2605 nunquam
939 2535 1252 2598 suavioribus,
1301 2540 1439 2602 quam
1464 2539 1558 2604 pri-

50 2611 283 2660 mitiarum
309 2611 606 2675 triumphant.
676 2613 790 2675 Qiae
828 2606 969 2654 multo
991 2606 1064 2658 ,vix
1092 2603 1306 2673 sanguine
1332 2607 1451 2672 parit
1470 2607 1557 2657 mi·

3 2715 5 2723 ,
51 2679 141 2736 Ιεε,
183 2679 381 2745 negotio
419 2680 545 2728 nullo
576 2675 878 2726 tuetur-civis
937 2673 1207 2739 Manipulus
1236 2675 1350 2724 intra
1392 2675 1557 2726 maenin

52 2741 115 2795 sui
141 2742 321 2795 securus
343 2748 462 2796 ridet
496 2747 692 2806 sistitque
712 2743 964 2794 exercitum
993 2781 1003 2801 ,
1054 2743 1165 2790 dnm
1186 2738 1322 2791 decas
1344 2741 1391 2792 in
1412 2756 1557 2793 unum

55 2815 207 2880 palam
244 2812 404 2866 instari
426 2829 537 2866 cum
573 2828 720 2865 morte
746 2828 759 2867 3
813 2827 903 2860 nec
926 2810 1050 2874 ‘nisi-
1069 2824 1175 2859 cum
1204 2811 1374 2860 virtute
1405 2809 1560 2875 potest

0 2894 2 2924 l

0 2933 10 2960 ¹1

742 2880 800 2931 M
841 2894 865 2929 α
1334 2879 1498 2930 trium-
