1832 3151
318 103 400 163 σε
721 92 862 178 ss&
911 97 943 176 <
990 113 1030 154 0
1076 95 1107 174 >
1156 91 1294 179 {³3¹2}

232 203 311 256 sus
349 203 530 258 valent;
560 195 610 246 ἃ
635 197 776 260 hujus
808 195 1032 262 gloriam,
1056 193 1107 244 ὃ(
1135 195 1317 243 laudem
1346 208 1538 244 omnem
1556 194 1774 247 sibiPrin*

234 291 349 339 ceps
381 267 641 320 vendicabit
682 263 974 331 magnificus.
1068 261 1421 329 Magnificentia
1455 265 1642 312 metitur
1678 265 1774 312 ani·

235 357 392 398 mum,
433 337 485 386 &
514 335 647 385 dotes
686 335 866 398 vulgus·
957 333 1220 380 Meminere
1256 330 1378 392 fasti,
1408 347 1506 380 non
1536 331 1626 380 fine
1657 334 1774 398 glo·

238 412 309 460 ria
338 444 350 466 ,
387 404 589 457 Romani
635 403 754 450 illius
787 400 995 465 portenti
1035 399 1240 447 Neronis
1266 438 1277 460 ‚
1316 416 1416 449 non
1452 399 1643 464 quidem
1682 399 1772 462 eb,

234 476 368 543 quod
396 473 616 523 sentinam
638 469 853 521 vitiorum
880 467 1116 516 Biberium
1136 468 1339 530 populus
1364 468 1673 531 compellarit,
1690 467 1773 518 scd

241 544 375 611 quod
404 538 757 599 magnificentiae
777 537 925 584 cultor
951 535 1146 601 dignum
1170 534 1409 594 Majestate
1448 534 1523 583 sna
1550 536 1776 585 Palatium

232 599 676 668 struxeritsauream
704 603 906 653 Neronis
934 603 1145 652 domum.
1217 604 1285 651 Ut
1307 603 1473 651 merito
1500 602 1650 651 eidem
1668 604 1776 654 Phi-

237 680 466 746 losophus
495 694 570 740 ep.
595 687 671 734 39.
720 673 917 738 Reperit
948 672 1133 719 tandem
1164 687 1251 718 tuce
1286 671 1532 735 amplitudo
1543 673 1774 736 fbrtunae,

236 767 319 817 quo
350 764 453 796 tota
488 744 745 808 aestimetur.
820 739 910 788 Par
930 738 1024 788 tibi
1041 742 1149 805 jam
1172 739 1351 804 aliquid
1371 742 1503 786 novit
1532 737 1654 787 orbis
1675 756 1773 788 ter·

233 835 412 867 rarum.
508 803 762 878 Sapienter.
856 811 1062 873 Magnos
1094 807 1208 872 quid
1242 806 1330 854 nisi
1359 824 1526 876 magna
1569 807 1774 856 decent?

231 886 424 953 indigna
459 899 557 942 res,
587 881 824 935 animum,
859 877 930 924 cui
967 874 1212 924 famulatur
1253 873 1413 936 orbis,
1447 876 1596 924 limite
1620 875 1774 924 modi.

232 971 291 1004 co
325 952 466 1019 cingi.
547 953 678 1010 Quos
715 944 847 1011 super
879 944 1109 1012 Diogenis
1149 941 1334 991 dolium
1369 943 1554 1009 augusta
1584 942 1773 994 nascen.
1817 989 1820 993 ⁴

230 1023 282 1071 di
313 1017 531 1072 conditio
559 1014 823 1064 sublimavit
852 1010 906 1061 ad
943 1029 1216 1077 purpuram,
1254 1009 1389 1070 absit,
1429 1011 1652 1079 angustos
1673 1013 1774 1061 sen..
1831 1047 1832 1050 ,

231 1091 351 1140 tiant
374 1086 503 1137 fines.
576 1083 678 1133 Diis
713 1081 942 1130 debentur
969 1080 1154 1136 omnia,
1183 1081 1392 1128 Deorum
1415 1081 1617 1145 ectypon
1642 1081 1773 1131 Prin.

237 1175 350 1222 ceps
391 1154 468 1204 est.
551 1151 658 1202 Nisi
697 1147 998 1217 magnificum
1042 1146 1221 1199 vidisset
1245 1148 1502 1212 Principem
1533 1148 1775 1213 adulatio,

232 1240 469 1289 nunquam
509 1219 658 1269 eidem
689 1219 789 1267 ausa
825 1216 948 1265 foret
976 1216 1312 1265 accine1·e·.Par
1331 1215 1448 1264 Urbi
1467 1217 1637 1265 domus
1659 1216 1775 1277 hare,

231 1294 359 1343 Urbs
399 1289 530 1351 orbi,
565 1288 727 1339 neutra
757 1283 1010 1351 triumphis
1035 1281 1086 1332 &
1111 1282 1250 1343 belli,
1289 1281 1341 1332 &
1375 1284 1532 1349 pacis,
1575 1303 1654 1352 par
1680 1289 1772 1335 Lu·
1829 1297 1832 1354 j

234 1362 403 1414 dovice
435 1357 540 1408 tuis.

707 1437 753 1498 P
770 1456 809 1496 R
829 1458 866 1499 o
911 1434 964 1497 L
984 1457 1002 1498 1
1024 1455 1064 1497 T
1083 1457 1113 1499 E
1130 1454 1171 1497 R
1195 1455 1214 1497 1
1234 1452 1282 1497 8.

330 1536 392 1585 Rs
428 1534 589 1584 artium
613 1570 625 1594 ‚
664 1533 928 1585 Divinitatis
963 1535 1207 1585 confilium
1240 1532 1468 1584 moderari
1501 1533 1769 1601 Rcmpubli-

372 1620 488 1652 cam.
560 1603 674 1669 Qiis
703 1603 796 1652 hoc
838 1603 945 1652 ausit
985 1602 1078 1653 fine
1122 1606 1357 1652 literarum
1389 1603 1633 1668 praefidio?
1664 1621 1765 1656 non
1828 1607 1832 1660 ]

224 1670 321 1721 fine
350 1669 480 1718 causa
513 1673 641 1733 Jovis
673 1670 862 1720 cerebro
892 1685 996 1720 nata
1018 1673 1160 1721 Pallas
1192 1669 1473 1740 fingebatur.
1553 1673 1727 1722 Literas
1747 1710 1763 1737 ‚

229 1738 282 1788 δί
313 1740 515 1788 literatos
546 1737 732 1806 diligat,
778 1736 858 1803 qni
894 1736 1051 1797 fortis,
1088 1737 1140 1787 δί
1181 1736 1406 1802 providus
1433 1739 1589 1788 audire
1619 1742 1763 1807 cupit.
1826 1741 1832 1801 ἦ

227 1808 484 1872 Nunquam
514 1806 733 1871 Princeps
770 1806 883 1856 felix
914 1803 1020 1865 fibi,
1048 1805 1263 1872 Populis,
1300 1807 1461 1856 exteris
1489 1806 1672 1869 audiet,
1693 1810 1767 1858 ni·
1828 1823 1832 1838 J

229 1875 271 1925 si
306 1874 535 1940 providus
570 1874 708 1924 instar
733 1875 855 1941 Argi
881 1873 1132 1940 prospiciat
1168 1874 1459 1941 Reipublicae.
1541 1876 1666 1941 Quid
1704 1877 1766 1928 acl

229 1943 330 1993 haec
358 1941 695 2010 magnificentia
720 1941 933 1992 conferet
964 1945 1109 1993 aulae?
1146 1941 1472 1992 providentior
1500 1942 1600 2000 ille,
1642 1944 1722 2009 qui
1747 1981 1766 2006 ,
1822 1943 1829 1975 f

224 2024 341 2076 quot
377 2008 603 2075 sapientiae
637 2010 834 2072 lumina,
872 2024 944 2061 tot
968 2010 1266 2077 agendorum
1297 2012 1480 2061 oracula
1513 2011 1642 2060 domi
1675 2010 1764 2064 suae
1827 2050 1830 2062 .

226 2080 334 2139 alit,
373 2076 666 2144 praesentium
703 2077 928 2137 arbitros,
961 2077 1167 2146 auspices
1204 2078 1489 2128 futurorum.
1564 2081 1698 2142 Alet‚
1728 2079 1764 2132 fi

228 2144 496 2211 sapientiam
539 2147 690 2203 colat,
733 2145 1010 2214 magnificus
1056 2148 1254 2197 literaria
1290 2147 1440 2196 domo
1469 2182 1482 2207 ‚
1515 2148 1764 2201 munificus

236 2214 498 2279 sapientum
535 2213 691 2274 cultu,
720 2212 768 2261 ὃ(
807 2230 983 2263 amore.
1055 2218 1222 2264 Muros
1247 2213 1590 2281 magnificentia
1610 2216 1763 2278 tollit,

223 2279 278 2329 δε
306 2283 511 2339 excolit,
555 2281 736 2331 animos
766 2282 916 2331 literae.
1012 2283 1372 2332 Monumentum
1400 2282 1516 2332 illud
1551 2285 1761 2335 vetustati

221 2347 451 2411 subjacet,
478 2349 576 2398 hoc
612 2367 697 2398 aere
724 2351 969 2413 perennius
998 2349 1233 2400 aeternitati
1267 2351 1328 2399 est
1358 2348 1538 2416 suppar.
1617 2353 1758 2403 Palla-

226 2416 306 2466 dio
338 2431 488 2465 tutum
526 2417 646 2466 stetit
669 2417 905 2482 quondam
938 2416 1107 2478 Ilium,
1140 2420 1267 2485 regia
1288 2419 1451 2467 Priami
1475 2418 1642 2469 domus
1658 2438 1760 2473 non

224 2484 401 2535 ahenus
432 2500 549 2546 erat,
584 2481 664 2533 sed
696 2486 834 2535 ruinae
859 2483 1069 2535 illicium.
1168 2483 1347 2537 Thebis
1370 2487 1525 2537 excifis
1560 2490 1758 2540 Alexan·

224 2553 294 2600 dri
328 2553 550 2616 imperio,
584 2552 807 2616 parcitum
842 2553 1008 2603 domui
1033 2553 1231 2604 Pindari.
1311 2555 1470 2617 Major
1504 2555 1597 2604 hoe
1634 2555 1757 2607 faeie

226 2618 452 2684 Princeps
484 2658 495 2681 ,
534 2623 672 2684 quam
706 2619 1032 2685 squallentibus
1074 2622 1244 2683 bustis,
1275 2623 1506 2681 vietoriis,
1534 2639 1612 2673 aut
1655 2643 1753 2674 ma·

222 2686 486 2754 gnificentifi
514 2688 681 2737 Palatii.
752 2691 885 2738 Bubo
912 2690 1061 2739 feralis
1101 2689 1303 2758 fignabat
1336 2689 1539 2740 Athenas
1564 2710 1652 2756 pro
1680 2693 1755 2741 fo-

220 2755 372 2818 tibus,
410 2755 592 2807 satelles
624 2755 750 2806 idem
776 2758 842 2809 est
883 2759 1092 2810 Palladis.
1159 2761 1306 2809 Deam
1327 2759 1451 2810 hanc
1468 2774 1590 2809 tanta
1616 2759 1749 2814 decet

1528 2827 1681 2897 digni-
