1832 3151
533 94 1101 183 {sscfflCON’ffl
1425 113 1509 177 39

55 203 166 253 cum
203 199 264 251 ob
293 200 428 251 talem
453 196 601 247 astum
636 213 730 245 non
759 196 899 263 plene
923 231 937 258 ‚
960 202 1027 245 vel
1059 193 1246 263 prorsus
1271 212 1373 245 non·
1391 194 1590 244 liberum

58 287 205 323 nemo
235 270 329 332 jure
360 267 498 333 possit
533 264 722 333 culpari.
798 264 889 314 2do
922 265 1089 315 dieitur
1115 267 1255 313 alteri
1285 267 1461 313 nolenti
1472 281 1490 321 ;
1528 260 1593 311 (e-

55 358 137 390 cus
164 340 285 387 enim
314 335 488 399 poterit
522 334 623 400 quis
659 332 808 382 facere
840 350 937 382 rem
965 334 1174 396 injustam
1202 335 1247 382 in
1275 332 1346 391 se,
1391 330 1466 381 sed
1489 348 1591 381 non

58 409 145 457 erit
181 407 304 454 alteri
331 402 510 465 injuria.
584 404 706 452 Hinc
728 401 866 452 etiam
886 400 969 450 fibi
998 419 1137 452 nemo
1169 402 1322 466 potest
1350 399 1502 450 facere
1524 402 1591 448 in-

56 476 229 540 juriam.
299 469 469 538 Quiafi
506 470 589 520 fibi
621 469 758 518 faciat
783 487 883 519 rem
910 470 1142 532 injustam,
1182 472 1254 519 vel
1290 469 1401 517 facit
1429 465 1591 526 sciens,

57 544 130 592 vel
161 557 259 589 non
283 536 464 589 sciens?
490 538 521 590 fi
560 537 734 596 sciens,
763 555 861 589 non
884 538 992 588 facit
1022 536 1213 588 nolenti.
1284 538 1332 586 Si
1365 534 1593 595 nesciens,

54 611 217 661 itidem
243 625 342 657 non
381 607 444 656 est
463 607 650 670 injuria,
680 606 788 656 eum
815 607 917 656 vhaee
952 606 1116 655 debeat
1142 605 1232 654 esse
1272 605 1296 652 ἐι
1325 603 1510 653 sciente.

157 676 338 744 Justitia
367 673 498 726 suum
516 677 587 738 jus
614 675 818 739 primum
839 673 1157 725 tribuit-DEO
1191 690 1273 739 per
1299 673 1593 738 religionem,

57 749 145 813 qu‘d
173 747 308 794 DEO
340 742 521 793 summo
549 760 702 793 rerum
726 745 966 804 Domine,
997 742 1049 792 &
1077 742 1312 809 principio
1336 740 1488 789 cultus
1509 738 1593 786 de-

53 814 174 864 bitus
203 813 429 874 tribuitur,
460 812 599 877 idque
632 828 727 860 non
750 810 1016 860 immediate
1047 824 1241 876 propter
1265 807 1414 873 ipsum
1431 811 1594 857 Deum

50 881 304 933 formaliter
322 881 347 946 <
366 880 473 946 quia
490 879 581 929 hoe
609 877 710 928 solae
742 878 915 928 faciunt
939 878 1244 946 Theologicae
1269 877 1496 941 virtutes)
1514 872 1596 924 sed

51 964 243 1019 propter
277 948 558 998 honestatem
580 945 715 1012 ipfiu's
748 947 886 997 affifis.
958 949 1099 997 Auus
1130 945 1373 1012 religionis
1394 943 1494 994 sunt
1520 959 1595 991 va-

59 1019 142 1069 rii:
172 1018 347 1067 Interni
373 1015 472 1067 sunt
495 1018 674 1066 devotio
692 1056 705 1078 ,
738 1015 789 1063 &
822 1018 988 1066 oratio,
1076 1013 1266 1065 Externi
1300 1010 1402 1062 sum
1427 1015 1593 1061 adora-

59 1090 155 1145 tio,
185 1083 493 1149 Sacrificium,
527 1085 872 1149 juramentum,
909 1100 1094 1140 votnm,
1124 1080 1219 1132 &a
1295 1084 1406 1130 Haec
1431 1079 1598 1147 religio

51 1155 103 1205 in
129 1153 370 1204 omnibus.
398 1148 614 1218 sapientia
647 1152 821 1201 comite
841 1192 853 1214 ,
891 1150 954 1201 fic
994 1151 1170 1209 credit,
1205 1162 1254 1199 ut
1291 1150 1498 1214 quamvis
1535 1146 1600 1195 al-

53 1224 218 1272 tissima
255 1237 448 1286 quaeque
475 1219 689 1286 mysteria
717 1219 970 1282 intueatur,
997 1219 1284 1268 intellefium
1317 1214 1598 1282 captivando

52 1292 105 1341 in
135 1288 405 1352 obsequium
432 1286 570 1351 fidei,
614 1286 732 1336 nihil·
757 1301 914 1338 tamen
946 1286 1101 1337 credat
1138 1286 1269 1336 καθ-ε
1303 1284 1470 1334 rationi
1509 1277 1600 1331 dis-

54 1357 252 1418 sonum3
280 1359 404 1423 quod
432 1371 586 1407 tamen
610 1372 774 1405 omnes
803 1354 955 1415 feei-ee,
976 1353 1030 1405 &
1059 1352 1246 1405 haereses
1273 1352 1461 1411 habent,
1478 1368 1600 1418 quae,

53 1427 106 1478 ut
131 1426 271 1477 habet
305 1426 595 1492 Augustinus
632 1424 758 1473 hom.
793 1438 900 1485 147.
934 1422 992 1473 de
1028 1438 1175 1487 temp.
1210 1419 1492 1487 quodfhlent
1527 1422 1599 1468 vi-

55 1496 192 1559 dere,
226 1496 418 1544 credunt
435 1514 451 1553 ,·
487 1493 606 1562 quod
626 1511 713 1542 non
737 1493 925 1558 vident,
957 1510 1045 1541 non
1083 1491 1288 1541 credunt.
1361 1489 1480 1539 Illud
1503 1487 1602 1537 uni-

53 1563 216 1616 verfim
247 1578 454 1624 certum,
488 1561 616 1628 quod
642 1563 768 1610 Plato
801 1561 831 1610 l.
863 1578 905 1610 1.
935 1560 993 1609 de
1013 1559 1223 1629 legibus:
1266 1557 1427 1606 Omnis
1451 1557 1605 1605 huma-

54 1650 124 1682 na·
147 1632 418 1697 neceffitatis
445 1630 613 1698 (pacis
647 1627 898 1698 intellige)
913 1631 1273 1696 fundamentum
1300 1628 1503 1689 convelli,
1520 1626 1602 1691 qui

55 1703 325 1816 religionem
362 1704 502 1750 tollit.
576 1698 699 1750 Vide
731 1714 847 1767 ergo
864 1734 877 1758 ‚
905 1710 956 1748 ut
981 1696 1171 1747 haereses
1201 1696 1226 1744 a
1251 1696 1480 1746 contrario
1500 1710 1610 1743 cau-

55 1769 104 1821 sa
179 1770 375 1818 ellorum
407 1768 506 1819 fiut.

161 1837 393 1905 Religioni
421 1835 680 1889 adversatur
699 1831 995 1899 ficperstitio‚
1039 1831 1151 1882 dum
1182 1831 1334 1882 cultus
1359 1832 1501 1882 DEO
1524 1828 1608 1878 de-

60 1904 182 1956 bitus
216 1906 353 1956 idolis
377 1905 618 1966 tribuitur,
671 1904 745 1954 vel
777 1902 952 1951 DEUS
996 1901 1143 1951 modo
1172 1917 1274 1950 non
1301 1899 1460 1948 debito
1489 1898 1609 1948 coli-

60 1986 147 2023 tur.
227 1974 378 2034 Hujus
409 1974 603 2023 rationis
642 1971 746 2022 sunt
778 1968 1112 2029 divinationes,
1148 1967 1495 2019 observationes
1528 1984 1608 2015 va-

61 2058 158 2102 nae,
196 2040 558 2099 incantationes,
592 2038 685 2090 ἃς.
723 2039 856 2103 pasta
895 2038 1057 2090 omnia
1091 2036 1317 2087 daemonis
1336 2067 1353 2095 ‚
1378 2034 1609 2102 expressa,

62 2110 137 2159 vel
175 2110 369 2158 occulta.
460 2108 571 2157 2do.
610 2104 887 2158 Adversatur
916 2105 1239 2171 irreligiofi'tas
1274 2145 1290 2168 ‚
1346 2121 1446 2171 quae
1474 2120 1610 2153 com-

61 2176 258 2227 mittitur
283 2175 518 2246 sacrilegio
535 2212 548 2238 ,
578 2175 808 2244 perjurio,
842 2171 1181 2237 &c.DEUM,
1213 2175 1286 2224 vel
1305 2169 1476 2223 sacram
1504 2186 1611 2223 rem

57 2244 397 2298 inhonorando.

166 2315 358 2364 DEUM
385 2311 632 2379 sequuntur
655 2313 895 2371 Parentes,
923 2308 1025 2378 post
1050 2310 1177 2361 illum
1206 2309 1310 2359 vitae
1335 2311 1500 2362 nostrae
1530 2327 1611 2359 au·

67 2381 226 2433 thores
245 2400 261 2442 3
295 2381 368 2431 his
405 2381 566 2433 tribuit
602 2382 767 2445 justitia
793 2382 1047 2446 pietatem,
1095 2379 1165 2428 uti
1194 2375 1245 2426 &
1267 2379 1422 2431 Patriae
1442 2414 1455 2438 ‚
1493 2378 1614 2428 nati-

72 2451 226 2502 vitatis
270 2451 397 2499 loco.
495 2453 708 2500 Parentes
753 2450 892 2500 DEO
933 2461 1078 2513 aequat
1105 2445 1376 2499 Aristoteles
1412 2459 1456 2503 8.
1493 2447 1609 2498 Eth.

66 2536 109 2570 c.
146 2534 219 2579 14.
275 2518 462 2569 dicens:
514 2516 626 2567 ficut
664 2520 797 2568 DEO
829 2515 1077 2568 immortali
1116 2531 1352 2579 nunquam
1393 2513 1500 2566 satis
1543 2514 1616 2581 pi3

69 2584 123 2636 &
152 2587 272 2656 grati
311 2585 397 2637 esse
423 2584 688 2651 possumus,
715 2588 775 2636 ita
808 2601 1046 2651 nunquam
1073 2583 1266 2653 gratiam
1308 2581 1618 2635 sufficientem

69 2672 158 2706 nos
194 2655 385 2705 reddere
417 2655 546 2720 poss‘e
573 2655 855 2720 parentibus.
961 2652 1083 2702 Huic
1115 2649 1373 2704 adversatur
1400 2650 1613 2721 proditio

69 2723 249 2786 Patriae,
283 2721 335 2774 &
367 2728 645 2784 Parentum,
673 2735 997 2788 contemptim,
1030 2717 1125 2771 &c.

758 2858 800 2913 C
838 2875 873 2921 4
1381 2856 1545 2907 Paren-
