1832 3151
513 2 1077 173 sammaa

49 207 195 261 gnum
233 189 477 242 existimat.
549 192 678 241 Odio
705 188 800 238 fere
825 188 987 240 censor
1010 191 1074 239 est
1091 224 1104 248 ,
1139 203 1265 252 aequa
1292 184 1484 253 perinde
1511 199 1568 236 ae

49 263 207 326 iniqua
239 259 530 319 dijudicans3
563 274 607 309 at
641 257 839 318 majori,
873 261 953 322 qui
975 256 1079 307 fidit
1106 256 1278 308 nemini
1301 271 1315 313 ;
1342 253 1450 303 cum
1479 251 1568 301 dif-

49 328 169 384 fiteri
197 343 394 394 nequeat
424 328 618 388 ultimo,
657 325 701 376 se
733 323 812 373 fibi
851 324 935 390 ipsi
978 324 1203 378 diffidere.
1276 323 1477 372 Comem
1512 319 1566 371 in

54 412 246 454 omnes,
279 397 529 446 reti-astum
558 397 677 449 una:
717 393 967 444 candidum
988 429 1001 451 ,
1035 407 1223 442 cautum
1248 406 1401 440 tamen
1422 405 1469 438 te
1487 397 1566 437 cu-

51 466 148 532 pio.
219 465 390 530 Neque
418 463 477 513 sic
505 460 689 513 obscuri
715 477 945 513 amantem
973 462 1025 512 in
1056 476 1127 524 te,
1176 473 1228 508 ut
1265 475 1408 509 nemo
1446 454 1565 522 quid

49 531 216 582 sentias
239 570 251 593 ,
302 530 568 598 dispicere.;
617 531 678 580 fic
723 545 878 581 tamen
913 567 927 591 ‚
981 544 1032 580 ut
1070 547 1167 579 non
1202 529 1354 577 omnis
1395 527 1569 591 possit,

51 599 132 653 sed
182 601 274 650 sols
308 601 428 652 duce
470 601 663 650 ratione.
741 596 957 664 Seipsum
999 596 1262 648 diffidentia
1301 595 1484 660 perdit,
1531 590 1566 642 fi

52 667 147 728 fine
182 667 354 718 fiducia
387 668 453 718 fit.
535 672 754 734 Torquet
784 665 986 733 suspicio
1018 680 1226 716 mentem
1245 664 1427 714 laniena
1447 659 1567 710 sem·

51 754 136 802 per
166 736 454 796 domestica,
508 738 585 788 cui
633 734 838 786 monstra
882 731 988 784 sunt
1029 735 1186 785 omnia
1230 768 1241 792 ‚
1315 724 1570 786 &ss'umbtae

52 807 103 853 in
141 807 324 856 ruinam
352 807 620 873 progenita-⁸.
707 804 893 855 Ver-mis
931 802 1001 852 illi
1031 801 1248 869 perennis
1278 801 1324 850 in
1368 798 1524 849 animo
1550 833 1570 858 ‚

47 872 319 923 convulsum
354 876 498 924 ventis
527 876 745 940 pelagus,
783 870 984 923 tenebrae
1019 871 1184 921 lumini
1220 869 1348 919 omni
1382 865 1568 916 infestat.

55 943 115 991 Et
143 942 219 992 hic
251 941 360 991 felix
392 941 481 992 effe
504 941 638 1007 possit
656 976 671 1001 ,
702 941 780 1005 qui
811 954 949 1008 pavet
986 936 1165 1004 semper
1193 957 1206 996 ·,
1240 937 1451 1004 rigetque
1486 950 1570 1000 pe·

52 1011 186 1061 renni
227 1009 396 1077 hyeme
418 1043 431 1069 ,
466 1009 641 1060 tametsi
683 1010 858 1059 caleant
891 1024 1057 1058 omnes
1084 1008 1106 1057 ?
1154 1006 1407 1071 Nunquam
1440 1016 1569 1052 tutus

48 1077 115 1127 est
136 1113 148 1136 ,
188 1079 266 1144 qui
298 1091 396 1127 tuta
421 1090 606 1129 veretur
640 1078 809 1127 omnia.
879 1075 1047 1127 Infelix
1078 1076 1256 1125 animus
1281 1073 1360 1139 qui
1391 1069 1568 1139 pusilla·

49 1146 190 1196 nimis
214 1145 393 1211 semper
416 1178 433 1205 ,
470 1147 654 1212 qualem
680 1144 766 1195 ess‘e
788 1143 963 1195 necesse
997 1143 1059 1194 est
1078 1183 1091 1206 ,
1128 1145 1205 1210 qui
1228 1140 1408 1191 diffidit.
1493 1140 1569 1188 Ri-

46 1212 102 1262 sit
128 1215 456 1265 Domitianum
482 1214 676 1266 vetustas
711 1249 724 1272 ,
775 1212 902 1280 quod
926 1229 1183 1262 marmorea
1216 1208 1412 1278 Pyr-bitis
1441 1206 1568 1258 cubi·

42 1285 157 1341 *cula
195 1284 421 1333 incoleret
443 1317 456 1342 ‚
501 1298 554 1333 ut
589 1283 614 1330 ὲ
645 1295 781 1351 tergo
816 1279 960 1348 posita
1000 1281 1160 1331 videre
1187 1279 1360 1330 liceret.
1448 1275 1570 1326 Sibi-

48 1350 96 1400 lo
129 1350 327 1420 dignum
371 1347 551 1401 censuit
595 1348 874 1417 Dionysium
912 1348 1106 1410 Sicilia,
1160 1347 1220 1397 ne
1269 1347 1422 1397 liberis
1470 1343 1569 1408 qui·

51 1417 162 1468 dem
201 1419 388 1469 barbam
425 1419 711 1470 tondendam
731 1417 1013 1469 credentem.
1106 1416 1277 1466 Mirata
1328 1431 1436 1465 cum
1476 1411 1570 1462 Ca·

49 1488 155 1535 rolo
195 1489 300 1536 VII.
335 1491 468 1537 Patre
499 1519 515 1546 ,
550 1487 719 1537 veneni
753 1485 935 1549 semper
965 1498 1090 1534 metu
1125 1485 1296 1535 afflie‘to
1320 1520 1332 1543 ,
1367 1479 1571 1534 Ludovi·

48 1568 158 1605 eum
184 1557 263 1604 XI.
290 1553 438 1605 filium
459 1554 631 1616 Gallia,
667 1552 878 1604 custodes
913 1551 1037 1618 ipsos
1067 1552 1168 1603 vitae
1201 1555 1389 1603 aemulos
1424 1548 1572 1600 existi-

49 1636 270 1673 mantem.
341 1626 404 1673 Et
445 1622 493 1672 hi
518 1620 824 1672 somniatores
847 1621 1116 1671 umbrarum
1145 1656 1157 1680 ,
1211 1620 1293 1671 sibi
1321 1656 1336 1682 ‚
1382 1637 1435 1669 ac
1465 1617 1575 1668 Rei·

49 1691 247 1757 publicae
269 1692 461 1741 exitium
481 1707 585 1740 non
608 1687 888 1742 accersant?
936 1688 1035 1739 Sibi
1073 1689 1265 1755 inquam
1302 1723 1315 1747 ,
1357 1689 1462 1753 quia
1500 1684 1577 1736 su·

51 1757 211 1826 spicax
248 1756 345 1808 fere
377 1759 598 1809 duntaxat
626 1758 720 1820 est,
756 1758 832 1825 qui
860 1757 982 1822 paris
1021 1776 1122 1808 reus
1161 1758 1347 1819 delini,
1384 1756 1483 1822 pari
1517 1771 1570 1803 ο·

51 1845 184 1877 mnes
228 1827 397 1885 morbo
419 1825 585 1877 -furere
617 1826 855 1877 existimat.
963 1826 1154 1877 Virtutis
1203 1825 1358 1877 omnis
1396 1823 1469 1876 vel
1507 1819 1568 1871 eb

49 1895 188 1961 inops
213 1930 227 1954 ,
264 1894 390 1961 quod
413 1895 586 1945 nullius
622 1893 730 1954 fidat
762 1896 935 1946 virtuti.
1016 1893 1153 1944 Nihil
1184 1895 1363 1944 asturus
1394 1932 1406 1955 ‚
1454 1890 1570 1939 dum

53 1962 515 2014 omnibus'diffidere
545 1958 732 2013 mavult.
804 1965 970 2030 Jacent
1002 1980 1199 2029 namque
1234 1962 1447 2031 negleRa
1490 1976 1568 2009 ne-

52 2034 179 2098 gotia
197 2066 209 2090 ,
249 2031 363 2081 dum
389 2049 478 2081 nec
504 2048 622 2086 unus
646 2031 858 2081 omnium
893 2049 1034 2098 capax
1058 2064 1074 2090 ,
1108 2046 1193 2082 vec
1225 2031 1322 2081 aliis
1352 2047 1437 2096 per
1466 2043 1571 2078 um·

52 2100 157 2151 bras
188 2098 354 2150 fidens,
452 2099 580 2169 Qtid
617 2100 639 2149 Ρ
686 2099 812 2165 quod
858 2095 1084 2150 diffidenti
1111 2098 1225 2150 fidat
1263 2113 1445 2156 nemo3
1499 2093 1570 2143 fi·

48 2167 193 2234 spicio
223 2167 506 2235 suspiciones
552 2183 734 2218 mutuas
777 2170 1005 2234 proritet3
1051 2167 1255 2235 dumque
1282 2167 1396 2216 alios
1423 2162 1571 2214 credit

54 2237 236 2296 moliri,
275 2238 425 2286 moliri
457 2237 506 2286 in
541 2235 589 2286 se
620 2238 731 2287 alios
768 2237 970 2288 concitet
990 2254 1005 2297 ;
1053 2235 1207 2287 donec
1242 2235 1375 2286 cadat
1411 2233 1468 2284 eb
1505 2230 1570 2280 fa·

50 2304 181 2354 cilius
207 2339 220 2363 ,
260 2306 354 2371 quo
389 2304 483 2354 fere
522 2304 692 2356 insidiis
736 2305 924 2371 petitur.
1024 2306 1175 2356 Verba
1221 2305 1320 2354 talis
1370 2300 1572 2367 suspefia

51 2367 156 2421 sunt
188 2373 343 2424 omnia
365 2412 378 2435 ‚
411 2387 686 2438 torquentur
711 2375 760 2423 in
795 2390 990 2439 pravum
1024 2371 1173 2433 fasta,
1224 2371 1487 2436 judicantur
1516 2365 1569 2417 &

54 2438 175 2490 sista.
269 2442 468 2494 Amicus
508 2441 560 2490 sit
584 2442 825 2506 quamviS‚
871 2443 1059 2492 aemulus
1088 2441 1291 2491 creditur
1312 2479 1324 2502 ,
1360 2439 1464 2505 quia
1498 2454 1572 2486 ca·

52 2522 123 2559 ret
153 2509 363 2558 amicitiae
393 2508 605 2576 glutine,
639 2507 733 2558 fide
763 2511 939 2559 mutua.
1008 2509 1174 2559 Servos
1211 2505 1361 2576 aspice
1388 2543 1400 2567 ‚
1456 2505 1570 2555 dum

51 2576 223 2626 diffidit
280 2576 416 2628 herus
455 2609 472 2636 ,
517 2575 763 2642 pessumire
807 2576 956 2627 sinunt
999 2578 1152 2627 omnia
1189 2595 1203 2636 3
1248 2592 1298 2625 ut
1357 2573 1572 2625 diffidere

53 2644 223 2695 deinde
260 2644 364 2707 jure
389 2642 443 2694 &
479 2643 649 2711 possit,
688 2643 739 2694 ἃ
765 2644 929 2695 debeat
968 2680 981 2704 ‚
1035 2646 1110 2711 qui
1145 2646 1306 2702 iniuria
1347 2659 1451 2695 ante
1491 2657 1572 2691 vo·

50 2713 206 2764 luerat.
292 2715 464 2782 Neque
517 2713 642 2764 enim
686 2713 836 2766 acrius
876 2731 1085 2780 unquam
1127 2714 1388 2765 vulneratur
1434 2723 1571 2759 mens

752 2784 796 2831 Ο
835 2800 861 2833 2
1390 2779 1503 2841 fida,
