1832 3151
547 118 1124 207 &Hwssssss
1489 136 1524 198 5

74 223 151 277 fied
172 228 231 278 ad
249 224 393 277 finem
415 222 575 274 omnia
590 222 818 274 destinari·
855 223 1021 274 Finem
1032 221 1390 291 Philosophusl.
1410 239 1452 273 2.
1468 219 1608 290 Phys:

71 316 116 347 e.
135 313 176 355 3.
198 295 426 355 nominat,
446 293 574 357 cujus
593 294 760 359 gratid
781 291 965 360 aliquid
966 291 1045 356 fit.
1081 296 1175 343 Hic
1202 291 1473 344 intentione
1492 309 1609 356 prae·

70 364 197 415 cedit
215 363 450 413 achonem
470 360 720 425 operantis,
737 361 1014 410 executione
1034 360 1348 428 consequitur.
1388 360 1547 410 Media
1579 357 1609 409 ὲ

72 447 240 484 eontra
262 431 318 480 ad
334 430 479 481 finem
498 429 769 496 praeeedunt
786 429 1085 492 executione,
1113 431 1384 482 intentione
1407 427 1606 496 (equum

67 516 168 563 tur,
201 501 307 550 cum
345 501 525 551 tantum
549 498 859 549 adhibeantur
891 497 999 550 finis
1035 498 1284 550 obtinendi
1309 502 1459 549 causa.
1532 496 1610 546 Fi-'

66 569 140 621 nis
164 570 278 618 alius
303 568 475 618 dieitur
500 572 602 637 qui,
635 566 711 617 seu
733 567 814 633 qui
839 567 896 618 ab
930 583 1153 634 operante
1175 567 1462 626 intenditur3
1485 567 1605 618 alius

67 638 133 688 est
157 637 267 702 Cui,
301 642 374 686 cui
401 636 577 688 scilicet
595 636 875 706 intenditur.
979 637 1112 689 Alius
1146 637 1209 688 est
1233 635 1562 703 proficutimzis
1585 677 1601 699 ‚

67 707 188 755 alius
219 707 489 775 averfi'onis,
516 708 634 755 alius
669 709 852 772 operis,
889 704 1006 756 alius
1039 710 1293 772 operantis.
1397 707 1608 755 Demum

66 777 340 838 ultimatus,
371 774 431 824 ad
449 791 590 840 quem
621 792 675 824 ex
697 790 859 827 natura
877 772 954 824 fila
974 777 1134 826 omnia
1159 775 1434 827 referuntur.
1470 774 1611 826 Alius

71 861 160 892 non
192 846 384 893 ultimus
410 885 422 907 ,
470 845 551 910 qui
590 843 655 893 est
689 844 897 895 medium
933 844 994 894 ad
1024 844 1243 895 ultimum
1271 842 1414 895 finem
1440 839 1604 895 conse·

62 913 324 979 quendum.
413 912 674 963 Hominem
703 913 763 962 ad
801 912 1069 963 felicitatem
1091 953 1103 976 ‚
1147 913 1223 964 seu
1264 912 1607 964 beatitudinem

62 981 312 1032 conditum
343 998 452 1030 cum
476 980 770 1048 Sapientibus
797 997 938 1031 nemo
960 981 1155 1033 dubitat.
1221 982 1470 1032 Felicitatis
1491 998 1605 1046 por·-

64 1066 134 1098 ro
158 1051 398 1115 objectum
411 1091 425 1113 ,
460 1049 537 1099 seu
559 1047 798 1099 beatitudo
829 1047 1057 1116 objeHiva
1086 1051 1150 1101 est
1176 1050 1406 1100 Summum
1426 1049 1603 1100 bonum.

62 1120 315 1168 Beatitudo
337 1119 593 1184 fhrmtzlis,
628 1117 705 1168 seu
725 1118 921 1168 felicitas
952 1117 1018 1169 est
1042 1120 1227 1171 actualis
1250 1119 1317 1171 rei
1340 1119 1463 1171 illius
1489 1116 1604 1169 frui-

60 1187 131 1237 tio
160 1225 172 1247 ‚
214 1187 264 1237 ἃ
302 1187 535 1254 poffeffiO.
623 1187 769 1238 Unde
805 1187 915 1237 cum
946 1187 1217 1241 Aristoteles
1248 1209 1291 1242 2.
1317 1186 1454 1255 Phys
1480 1206 1521 1238 c.
1548 1203 1600 1248 7.

56 1255 327 1306 felicit-atem
353 1255 477 1306 dicat
497 1252 586 1305 esse
614 1254 776 1306 bonam
805 1257 1044 1321 amonem,
1082 1257 1208 1309 vides
1230 1292 1244 1318 ‚
1283 1257 1416 1324 quod
1444 1256 1522 1307 hic
1547 1254 1601 1306 fi-

60 1325 132 1377 nis
150 1343 250 1377 non
280 1325 332 1375 {it
354 1327 571 1387 ultimus,
599 1324 910 1391 quiaseilicet
934 1342 1020 1393 per
1047 1326 1226 1378 bonam
1250 1327 1484 1376 aetionem
1507 1324 1598 1374 ho-

60 1409 144 1443 mo
181 1394 398 1461 dirigitur
430 1394 486 1443 ad
521 1393 689 1444 summi
724 1394 844 1445 boni
877 1393 1149 1445 fruitionem
1178 1435 1190 1459 ,
1231 1410 1456 1461 tanquam
1486 1393 1601 1443 ulti-

57 1479 190 1512 mum
223 1463 487 1513 terminum.
558 1462 704 1513 Vides
733 1466 872 1524 item,
908 1462 1040 1529 quod
1066 1482 1177 1515 cum
1202 1464 1444 1514 dormiens
1469 1460 1599 1529 sopi-

57 1533 115 1581 tis
145 1529 342 1581 senfibus
372 1531 553 1598 operari
594 1548 699 1582 non
730 1531 870 1598 possit
895 1571 908 1595 ,
952 1530 1213 1585 formaliter
1249 1535 1392 1585 etiam
1434 1531 1601 1584 beatus

52 1616 158 1651 non
185 1599 252 1650 fit.
323 1602 392 1651 Ita
417 1600 546 1650 idem
565 1602 597 1650 l.
621 1617 663 1651 1.
689 1601 799 1652 Eth.
828 1617 869 1650 c.
888 1611 936 1657 8.

158 1671 234 1718 De
264 1668 489 1733 objee‘tiva
511 1669 722 1721 hominis
745 1668 1038 1722 beatitudine
1065 1678 1174 1727 288.
1195 1670 1451 1738 opiniones
1471 1685 1597 1722 vete—

55 1754 161 1787 rum
193 1736 326 1787 fuisse
347 1738 489 1788 refert
514 1743 644 1804 Aug.
671 1741 701 1789 1.
727 1755 772 1801 9.
792 1738 853 1788 de
877 1738 982 1789 civ.
1014 1741 1152 1790 DEI.
1253 1742 1476 1808 Qorum
1517 1738 1599 1790 alii

57 1824 167 1856 cum
201 1807 442 1874 Aristippo
467 1807 520 1858 in
547 1807 871 1873 voluptatibus
898 1808 1133 1874 corporis,
1204 1808 1300 1858 Alii
1331 1825 1442 1859 cum
1467 1807 1598 1859 Crae·

54 1872 109 1925 so
136 1875 187 1925 in
213 1875 384 1927 divitiis
407 1915 420 1940 ,
456 1893 507 1927 ac
534 1875 678 1927 bonis
706 1874 905 1926 fortunae
928 1893 943 1935 3
974 1876 1054 1926 alii
1087 1875 1145 1928 in
1173 1874 1296 1927 fama
1322 1875 1377 1928 δε
1401 1877 1596 1928 honore

54 1959 166 1993 cum
198 1943 463 1995 Periandro.
534 1946 635 1997 Alii
666 1962 775 1995 cum
797 1945 993 2008 Stoicis,
1013 1944 1063 1996 in
1094 1945 1264 1996 virtute
1292 1946 1413 2010 sola,
1444 1943 1499 1997 &
1522 1962 1595 1995 re·

56 2014 127 2063 &e
152 2013 396 2078 operando
422 2013 790 2070 constituerunt3
812 2013 875 2063 ita
899 2029 955 2063 ut
977 2012 1173 2064 morbos
1191 2050 1203 2074 ,
1223 2014 1460 2074 dolorem,
1479 2031 1596 2081 pau·

55 2081 231 2148 periem
253 2099 341 2131 non
370 2083 490 2131 mala
505 2123 518 2146 ‚
545 2079 626 2132 sed
651 2083 907 2147 rejeflanea
929 2082 1112 2132 tantum
1142 2082 1369 2144 dixerint3
1401 2084 1512 2134 cum
1526 2098 1591 2135 ta-

55 2166 164 2199 men
192 2148 265 2198 his
297 2151 552 2211 contraria,
579 2150 920 2213 valetudinem,
946 2150 1160 2202 fortunas
1177 2187 1190 2213 ‚
1218 2150 1315 2204 ἃς.
1344 2152 1474 2204 bona
1499 2150 1591 2204 esse

49 2218 420 2270 existimaverint.
521 2222 631 2287 Ego
667 2237 776 2271 eum
810 2219 1060 2271 Aristotele
1084 2222 1115 2270 1.
1144 2235 1182 2270 1.
1218 2221 1329 2271 Eth.
1355 2238 1398 2272 c.
1425 2238 1501 2271 10.
1539 2218 1595 2271 ἃ

54 2286 220 2339 Tullio
242 2285 418 2339 sentio:
454 2288 794 2339 beatitudinem
821 2286 1072 2339 formalem
1106 2287 1197 2338 effe
1226 2287 1424 2353 fieretis
1449 2291 1591 2340 malis

54 2354 256 2405 omnibus
285 2359 553 2406 cumulatam
582 2358 796 2408 bonorum
826 2360 1024 2407 omnium
1041 2355 1354 2424 poffeffionerm
1391 2375 1496 2425 quae
1519 2372 1588 2409 ta·

54 2440 164 2474 men
195 2423 243 2473 in
268 2423 357 2474 hae
383 2425 475 2476 vita
503 2426 662 2476 haberi
688 2444 790 2478 non
825 2426 980 2490 possit.
1051 2425 1195 2476 Unde
1225 2427 1381 2478 Solon
1409 2424 1589 2493 {apien-

54 2507 158 2543 ter:
201 2511 354 2557 nemo,
386 2496 536 2560 quoad
571 2498 724 2558 vivit,
743 2496 891 2562 felix.
977 2495 1113 2545 Finis
1151 2495 1213 2561 est
1249 2497 1586 2562 expes-‘landun

54 2560 135 2610 ille
159 2560 354 2622 scilieet,
386 2579 438 2611 ut
461 2581 519 2612 cx
539 2564 741 2629 perfifia
773 2566 959 2614 virtute
985 2579 1204 2629 operans,
1230 2566 1416 2614 tandem
1426 2562 1588 2626 ficun-

54 2628 160 2680 dzkm
195 2635 424 2681 rationem
455 2633 565 2682 vitai
600 2632 897 2702 defitngatnr„
984 2632 1165 2700 Quodli
1188 2633 1296 2684 vero
1326 2635 1442 2684 DEI
1470 2649 1588 2698 ope·

57 2700 176 2748 ratio
211 2700 318 2767 (qui
342 2700 627 2753 beatitudine
662 2701 881 2766 praecellit
911 2702 1170 2766 omnibus)
1204 2703 1332 2765 juxta
1361 2701 1590 2754 Aristote-

56 2766 151 2816 lem
180 2768 243 2817 est
270 2771 654 2836 contemplativa,
680 2768 731 2820 ἃ
761 2789 818 2822 ex
841 2769 1059 2822 humanis
1093 2769 1348 2821 felicissima
1372 2769 1427 2821 fit
1464 2771 1543 2823 illa
1572 2801 1590 2830 2

57 2850 158 2901 quae
187 2836 298 2888 huic
325 2839 525 2893 maxime
556 2838 881 2910 estcognata3
904 2854 1185 2907 propterea,
1217 2838 1350 2906 quod
1380 2841 1498 2892 DEI
1514 2852 1587 2890 to-

744 2911 787 2960 A
826 2921 851 2969 3
1478 2921 1526 2957 ta
