1832 3151
309 136 384 182 12
707 114 1282 202 ἓθὶὲ(0)ἓτξ<ἓὲ

215 221 442 273 obtinent.
514 217 730 285 Angusto
767 219 899 280 operi
927 232 1085 267 comes
1121 215 1301 282 semper
1323 215 1386 267 est
1413 217 1617 286 angustia
1639 231 1753 270 tem·

216 290 369 357 poris.
433 285 691 349 Nunquam
714 286 852 334 unius
883 298 961 334 aut
998 285 1122 345 diei,
1163 299 1240 333 aut
1276 289 1378 336 anni
1411 288 1616 351 periodo
1650 289 1753 355 glo-

215 361 292 411 riae
318 355 404 407 suae
426 354 652 404 eoloffum
679 355 819 405 virtus
852 353 1020 404 statuit,
1112 353 1300 404 Naturae
1336 355 1385 403 ὅ(
1412 356 1518 405 artis
1553 356 1649 405 haee
1681 373 1753 405 re·

216 429 354 497 gula,
392 424 508 474 dum
542 439 710 492 magna
746 437 995 487 operatur,
1027 422 1193 484 lustra,
1236 422 1461 484 decades,
1503 422 1664 475 saeeula
1704 423 1756 475 in

216 493 402 547 censum
428 493 615 542 ducere.
686 491 924 540 Nobilitas
949 507 1001 539 ut
1033 493 1189 556 pretio
1216 491 1282 548 fit,
1308 510 1454 542 aevum
1477 492 1590 543 ferat
1651 495 1755 542 Pra-

211 565 427 620 xitelem,
465 559 516 622 ὃζ
550 561 764 625 Apellem
789 559 979 608 miratur
1009 578 1103 615 ars,
1141 573 1261 624 quot
1293 559 1390 608 dies
1414 561 1624 626 parandae
1650 562 1755 629 glo·

214 634 291 683 riae
319 627 987 697 requirebantur?Phcenieem
1004 642 1053 677 ut
1077 627 1244 677 Arabia
1268 625 1453 678 felicior
1480 630 1755 696 prodigium

213 701 398 767 pariat,
431 715 576 749 aevum
603 711 828 747 numerat.
903 697 1034 766 Qid
1061 696 1178 763 quid
1200 697 1397 756 illustre,
1437 696 1652 762 sumptu,
1692 699 1752 746 la·

212 769 357 827 bore,
381 782 536 816 mente
564 765 730 836 grandi
760 764 1004 828 fundatur,
1036 765 1201 832 quidni
1224 766 1363 816 etiam
1388 766 1751 832 tempore?im?)

211 840 264 888 fit
297 853 522 905 magnum
548 834 667 885 nihil
688 835 738 882 in
771 834 884 883 orbe
903 871 915 894 ‚
946 835 1019 883 eui
1048 851 1218 901 magna
1247 851 1345 884 non
1379 837 1625 900 primituS,
1672 847 1753 884 aut

210 906 408 958 subinde
448 901 708 953 amovenda
741 903 979 968 pericula,
1009 919 1207 953 remorae
1234 942 1246 965 ,
1279 902 1613 966 incommoda,
1645 903 1751 969 quis

214 977 371 1026 omnia
412 972 511 1022 haee
546 972 636 1023 nisi
670 972 770 1020 vitae
808 972 1036 1039 longioris
1087 971 1138 1021 ὅ(
1181 989 1409 1023 annorum
1438 971 1550 1023 serie
1587 972 1750 1022 trium·

208 1042 367 1110 phet?
400 1041 495 1091 sors
514 1082 528 1106 ,
565 1040 617 1090 &
639 1039 884 1099 industria,
916 1040 1060 1089 virtus
1089 1056 1244 1088 rerum
1273 1040 1487 1089 omnium
1511 1045 1642 1090 Pater
1667 1041 1750 1100 est,

206 1127 353 1163 mater
379 1105 529 1161 m01·a.'
610 1107 852 1172 Ephesinae
882 1108 1039 1158 Dianae
1070 1107 1171 1159 fana
1190 1143 1202 1166 ,
1236 1108 1454 1158 Rhodios
1499 1109 1749 1170 Colossos,

207 1179 450 1246 Memphis
484 1178 697 1246 prodigia
722 1176 955 1227 celebrant
980 1176 1112 1236 fasti,
1141 1194 1296 1242 neque
1331 1190 1485 1228 tamen
1515 1176 1750 1227 subticeat

205 1263 449 1316 tempora,
486 1241 653 1314 quibus
682 1243 886 1300 fundata.
956 1248 1136 1306 Palma,
1171 1259 1221 1294 ut
1244 1245 1465 1312 regiones
1490 1245 1640 1304 ditet,
1675 1248 1746 1295 lu-

204 1318 339 1377 stris3
362 1318 539 1367 flumen
558 1315 714 1366 Urbes
738 1312 790 1363 &
817 1313 982 1364 orbem
1003 1328 1055 1363 ut
1092 1313 1362 1374 fceeundet‚
1389 1316 1609 1382 regiones
1638 1317 1744 1379 plu-

205 1404 279 1439 res
309 1386 538 1447 decurrit,
565 1382 866 1451 vessigalibus
892 1382 943 1432 ut
971 1400 1218 1449 aquarum,
1252 1382 1314 1433 fic
1349 1396 1617 1449 temporum
1637 1381 1746 1448 spo·

201 1457 275 1509 liis
307 1469 429 1524 eget.
497 1457 654 1504 AEtate
678 1450 808 1517 quod
845 1465 992 1514 caret,
1018 1451 1173 1516 pretio
1194 1449 1290 1500 fere
1317 1466 1454 1502 caret.
1526 1451 1624 1501 Sibi
1654 1449 1744 1501 soli

203 1525 338 1574 servit
364 1522 648 1590 Jerichuntis
681 1521 814 1578 rosa,
841 1534 946 1568 nata
978 1520 1191 1586 vespere,
1229 1521 1366 1569 mane
1408 1536 1603 1570 mortua.
1675 1524 1747 1571 Ut

202 1592 355 1644 brevis
385 1606 625 1656 tempore,
659 1588 718 1639 fic
743 1588 921 1637 affefftti.
996 1591 1298 1638 Momentum
1322 1588 1499 1657 fungos
1533 1590 1743 1654 parturit,

203 1676 498 1713 momentum
531 1657 700 1724 perdit.
770 1661 929 1707 Avaro
960 1656 1159 1706 nimium
1201 1656 1395 1707 arftatur
1424 1659 1588 1724 gloriae
1620 1659 1744 1708 limi-

206 1744 251 1780 te
270 1766 282 1790 ‚
312 1729 393 1796 qui
421 1726 662 1779 Adonidis
689 1725 873 1776 tantum
902 1742 1046 1775 annos
1073 1725 1234 1790 eupit,
1259 1742 1357 1775 non
1381 1727 1607 1776 Nestoris.
1647 1726 1744 1776 Vix

201 1811 444 1849 momento
472 1795 682 1863 designes
713 1792 931 1865 grandia,
952 1794 1126 1843 nedum
1155 1796 1405 1860 exequaris.
1476 1798 1542 1844 Ut
1574 1794 1741 1844 merito

199 1866 390 1932 sapienti
419 1866 510 1915 vita
538 1862 689 1913 brevis
711 1862 901 1914 vixduin
935 1860 1115 1922 semen,
1141 1863 1316 1913 nedum
1342 1864 1559 1913 meritum
1598 1863 1652 1912 fit
1687 1881 1745 1913 ε-

200 1935 440 1986 temitatis.
522 1931 678 1993 Albo,
715 1933 843 1997 quod
873 1929 1100 1993 dicimus,
1142 1948 1290 1981 corvo
1336 1932 1480 1980 rarior
1522 1933 1568 1983 in
1606 1933 1740 1984 terris

198 2004 323 2067 avis,
349 2004 483 2069 cujus
519 1999 671 2072 gloria
702 1998 948 2051 meridiem
979 1998 1164 2051 obtinet
1195 2001 1317 2052 linea
1345 2001 1498 2051 unica,

563 2137 775 2205 PRo
863 2137 1199 2199 FAMA.

195 2282 394 2391 FAma
420 2298 518 2332 vox
550 2282 708 2339 exilis„
737 2297 809 2332 res
837 2297 978 2348 vaga,
1014 2293 1308 2330 momentum
1344 2279 1537 2344 grande.
1618 2279 1737 2332 Non

308 2365 548 2417 tempore,
575 2350 659 2401 sed
694 2349 862 2400 merito
887 2348 1064 2416 sapiens
1099 2349 1240 2398 vitam
1277 2348 1479 2397 metitur.
1552 2349 1736 2400 Durant

193 2419 395 2489 ingloria
419 2418 515 2468 fere
537 2418 808 2480 animantia,
841 2419 988 2480 cervI,
1012 2416 1158 2467 corvi.
1230 2419 1343 2485 Qtae
1370 2415 1598 2480 pretiosa,
1630 2434 1732 2469 non

193 2503 439 2553 tempore,
467 2485 544 2535 sed
571 2486 655 2537 fito
679 2485 724 2536 st:
757 2487 1100 2539 commendant.
1188 2487 1517 2537 Domestieum
1547 2485 1598 2534 sit
1627 2504 1731 2551 pre·

193 2558 342 2616 tium,
378 2573 478 2606 non
507 2557 735 2616 alienum,
765 2557 902 2622 quale
926 2554 977 2606 &
1012 2567 1196 2618 tempus
1232 2554 1310 2604 est.
1398 2553 1587 2603 Horatii
1627 2553 1728 2604 Co·

191 2625 317 2676 clitis
352 2623 608 2684 fortitudo,
641 2623 991 2691 magnanimitas
1014 2623 1253 2685 Seaevolae‚
1285 2623 1466 2674 candor
1494 2623 1727 2682 Lucretiae,

189 2693 448 2745 constantia
475 2692 681 2752 Senecae,
717 2693 925 2743 omnium
959 2691 1111 2762 gloria
1132 2706 1304 2758 quanto
1326 2690 1484 2740 stetit?
1521 2707 1729 2740 momen·

192 2777 246 2812 to
278 2775 401 2828 pene
436 2762 634 2813 dixerim
666 2773 865 2811 mortem
899 2763 991 2813 una
1042 2757 1094 2809 ἃ
1128 2760 1427 2810 aeternitatem
1473 2757 1723 2808 adferente.

191 2833 363 2883 Parum
386 2830 597 2894 interest,
631 2842 806 2899 quanto
835 2847 932 2881 aevo
948 2847 966 2890 3
1005 2829 1122 2880 dum
1153 2828 1362 2893 constet,
1403 2840 1601 2895 quantus
1630 2827 1722 2928 2de-

1532 2911 1644 2964 gas.
