1832 3151
510 96 1083 186 ἐὲἓωήὲἑέἓ
1368 115 1478 178 125

24 199 240 268 superat,
272 205 353 270 qui
394 202 532 255 fuerit
559 203 651 253 fine
679 221 823 254 naevo.
917 207 970 253 In
1014 204 1109 253 hoc
1144 200 1359 266 audacia,
1393 205 1443 254 in
1482 205 1564 254 illo
1606 216 1607 219 ’

20 273 203 339 cautela
230 274 374 323 nimia
396 274 613 338 carpitur.
687 273 737 322 Si
755 271 1006 337 deligenda
1025 287 1176 322 tamen
1193 273 1419 332 alterutra,
1434 274 1566 324 istam

29 340 188 391 ma‘lim
210 342 257 391 in
292 343 429 390 Duce
453 357 553 390 non
595 339 744 404 fiacus,
775 358 826 389 ac
854 341 1085 404 Principe.
1175 340 1360 405 Frigori
1387 344 1564 392 cautela

25 407 277 476 assymbola
306 409 386 458 est.
455 408 630 458 Utilior
665 407 945 474 Reipublicae
972 410 1045 458 vel
1075 408 1130 457 eo
1153 442 1166 467 ‚
1194 409 1322 473 quod
1359 409 1566 477 stringat,

27 475 80 526 ἃ
110 475 263 526 uniat:
300 477 414 527 dum
446 477 664 539 audacia,
692 477 899 527 fulminis
920 478 1011 526 ritu
1047 476 1226 540 diffipat
1245 512 1258 535 ,
1308 474 1360 525 &
1386 480 1567 544 rumpit

25 544 207 606 omnia,
244 548 429 611 crepitu
459 547 650 615 grandi,
681 546 854 596 damno
884 546 1011 609 pari,
1036 542 1089 593 ἃ
1125 543 1363 596 diuturno,
1449 549 1563 596 Mo-

20 613 207 664 deratus
238 616 394 676 calor,
419 614 723 664 Medicorum
754 614 958 679 placito,
984 614 1250 664 vehiculum
1268 613 1332 662 est
1355 614 1565 666 vitalium

20 680 291 749 spirituum,
328 683 972 734 immoderatusmorborum.
1044 680 1168 731 Vide
1200 681 1564 752 caelestesig11c8‚

23 750 344 818 supercaelestis
371 770 456 804 eos
486 769 602 819 aqua
627 750 882 802 circumdat
903 787 916 811 ‚
953 766 1007 801 ut
1037 763 1268 816 temperet
1287 789 1300 813 ‚
1345 749 1397 801 St
1428 754 1563 803 cohi-

26 818 145 871 beat.
218 824 395 872 Verum
428 821 526 884 est,
555 819 853 871 infistendum
890 819 982 870 effe
1006 818 1186 871 fortiter
1217 821 1286 879 ei,
1327 821 1451 886 quod
1478 821 1563 873 sta·-

0 901 171 950 stutum
199 888 439 956 sapienter.
545 896 608 943 At
638 903 874 940 mutantur
911 904 1126 954 tempora
1144 921 1160 949 ‚
1186 886 1238 937 &
1265 889 1562 941 confiliorum

0 974 278 1011 *momenta
385 959 581 1027 Sapiens
611 957 850 1010 confilium
880 959 969 1008 levi
999 955 1101 1008 casu
1130 960 1426 1009 temerarium
1462 977 1564 1009 eva-

23 1025 104 1076 dit.
175 1029 503 1095 Exspectanda,
543 1046 644 1095 quae
681 1027 948 1094 possumus:
983 1026 1204 1088 ferenda,
1246 1044 1344 1091 quae
1381 1028 1562 1078 accide-

0 1097 130 1151 srint.
201 1097 486 1149 Cedendum
524 1116 620 1148 non
662 1112 901 1161 nunquam
934 1097 1087 1158 ma10,
1122 1095 1273 1146 furori
1305 1099 1435 1145 locus
1465 1113 1565 1147 tan-

0 1166 161 1232 itisper
188 1166 391 1226 dandus3
424 1166 532 1216 cum
560 1163 801 1234 angustiat,
834 1181 943 1229 quas
976 1165 1099 1214 ultro
1133 1163 1349 1227 accersis,
1381 1165 1427 1212 in
1470 1184 1567 1217 am·

0 1233 221 1299 lpliorem
255 1235 374 1285 hosti
421 1235 620 1303 stragem
653 1247 911 1299 erumpant.
989 1232 1293 1286 Providentiae
1319 1233 1522 1299 primum
1549 1274 1565 1298 ,

0 1298 307 1354 lfortitudinis
334 1305 555 1364 alterum,
580 1317 832 1368 utrumque
853 1300 996 1352 decus
1016 1302 1080 1351 est
1106 1302 1252 1351 ducis.
1319 1302 1566 1370 indignior

20 1369 211 1424 habenis
244 1372 421 1425 bellicis
449 1390 615 1435 nemo,
652 1388 739 1430 ac,
784 1371 861 1436 qui
886 1370 1080 1421 fraenum
1108 1368 1192 1419 fibi
1229 1368 1320 1435 ipfi
1352 1388 1448 1422 non
1473 1390 1566 1437 po-

24 1437 176 1492 suerit.
268 1444 435 1492 Procul
483 1442 538 1491 fit
567 1442 767 1506 impetus
807 1437 864 1488 ab
900 1457 1061 1500 arena,
1096 1438 1146 1488 in
1189 1455 1277 1504 qua
1311 1438 1381 1487 bis
1417 1457 1567 1491 errare

24 1525 126 1561 non
163 1511 286 1561 licet.
375 1512 617 1579 Qiantum
655 1508 836 1557 bouum
869 1507 931 1557 est
967 1504 1255 1573 Reipublicae²
1287 1509 1568 1573 periclitanti

17 1577 244 1630 Hercules
276 1592 456 1630 certans
485 1617 501 1647 ,
537 1593 717 1630 tantum
742 1577 920 1625 malum
941 1577 1007 1626 est
1033 1575 1189 1634 idem,
1227 1575 1261 1625 fi
1287 1593 1390 1626 ruat
1429 1577 1570 1628 auda·

0 1645 109 1704 leia.
176 1647 340 1698 Turbo
361 1648 461 1698 haec
495 1647 585 1708 est,
618 1647 768 1714 rapit,
793 1662 897 1696 non
922 1645 1141 1712 disponit.
1213 1643 1344 1697 Abfit
1366 1646 1568 1699 militem

0 1710 158 1784 lunius
195 1718 317 1779 jactu
353 1718 459 1768 aleae
498 1716 642 1767 Ducis
682 1713 782 1764 fieri
817 1715 1051 1765 victimam
1074 1749 1088 1774 ‚
1125 1712 1206 1780 qui
1239 1717 1432 1776 Pan-iae,
1466 1733 1568 1769 non

0 1781 136 1855 ¹>Daci
173 1784 220 1836 se
250 1786 451 1837 hostiam
481 1787 684 1838 devovit.
751 1786 911 1833 ‘Decus
937 1782 1111 1846 hujuS,
1137 1787 1318 1850 parque
1332 1785 1472 1835 DEO
1496 1785 1564 1836 est

0 1850 197 1919 ssservare
225 1853 345 1906 suos.
418 1858 619 1907 Perdere
645 1853 826 1903 hostem
847 1891 859 1914 ,
892 1849 1033 1916 ferri,
1081 1851 1134 1901 &
1154 1852 1351 1903 flammae
1385 1853 1449 1903 est
1477 1871 1568 1919 po·-

0 1922 172 1983 3'tentia.
260 1925 438 1975 Praestat
480 1924 597 1976 civis
634 1937 755 1972 unus
786 1918 985 1972 servatus
1025 1922 1099 1972 vel
1135 1921 1303 1972 decadi
1353 1921 1566 1973 hostiurn

0 1990 163 2054 ἱερεῖα
200 1991 252 2040 ut
285 1990 468 2061 sanguis
499 1991 722 2059 proprius
756 1989 912 2041 alieno
940 1989 1147 2056 perdito,
1215 1991 1567 2056 Sapienter-Ti-

2 2070 120 2120 sstus:
150 2060 287 2110 unius
313 2060 426 2113 civis
468 2060 613 2111 exitio
631 2096 646 2124 ,
673 2061 732 2110 ne
761 2060 989 2110 exercitiis
1021 2059 1213 2125 quidem
1254 2059 1433 2110 hostilis
1460 2061 1572 2112 stra·

0 2128 5 2184 ἦ
16 2143 133 2194 gem
165 2126 246 2178 fibi
274 2129 591 2180 redimendam
626 2126 814 2180 censeri.
895 2127 1199 2179 Laudabilior
1228 2131 1433 2195 namque
1463 2149 1565 2196 par-

3 2194 221 2255 {fimonia
250 2199 389 2258 nulla,
421 2216 615 2266 ac,quae
647 2195 886 2265 {anguinis
921 2197 988 2248 est
1029 2197 1170 2249 etiam
1200 2197 1412 2250 vilissimi.
1483 2201 1569 2249 Fa-

5 2264 82 2330 ,cit
104 2265 153 2314 id
191 2267 393 2328 cautela,
423 2267 536 2318 dum
569 2267 749 2319 tametsi
787 2283 889 2317 non
925 2266 1082 2317 vincat
1117 2266 1378 2334 pericnlum
1398 2305 1410 2329 ,
1442 2269 1564 2317 mili-

0 2335 114 2381 s'tem
144 2348 322 2398 tamen,
348 2336 429 2401 qui
460 2338 642 2389 vincere
665 2336 835 2404 poffit,
864 2334 1014 2387 servat
1037 2336 1292 2404 integrum.
1360 2336 1569 2388 Palmam

5 2397 244 2462 iimitans,
281 2421 383 2470 quae
412 2419 596 2459 centum
625 2407 755 2458 aunis
785 2404 947 2454 sterilis
987 2405 1156 2455 dicitur
1174 2440 1187 2464 ‚
1212 2417 1266 2455 ut
1291 2402 1438 2453 semel
1469 2405 1565 2456 fru-

19 2469 144 2519 &um
187 2473 418 2539 germinet
447 2473 650 2525 dulcem.
721 2478 856 2526 Dum
885 2474 1039 2524 aestuat
1079 2473 1257 2535 audax,
1299 2474 1425 2524 canis
1458 2473 1567 2525 furi-

20 2533 167 2587 bundi
200 2540 249 2589 in
279 2556 463 2589 morem
486 2575 498 2599 ‚
532 2541 694 2592 calcari
728 2539 915 2610 gloriae,
954 2556 1031 2591 aut
1067 2541 1283 2591 vindi&ae
1316 2539 1494 2600 ebrius,
1517 2543 1565 2591 in

21 2604 171 2680 faedes
192 2624 289 2659 non
322 2621 415 2657 tam
448 2606 619 2670 fertur,
646 2610 787 2675 quam
821 2610 1012 2675 rapitur.
1102 2610 1326 2672 Vincere,
1359 2607 1411 2656 δί
1440 2609 1568 2658 vinci

18 2674 223 2725 :incurius
239 2710 253 2735 ,
292 2675 407 2727 dum
427 2677 607 2727 audeat.
680 2677 939 2727 Temeritas
966 2677 1062 2727 haec
1082 2677 1173 2739 est,
1196 2693 1298 2727 non
1323 2675 1465 2728 virtus
1486 2694 1568 2743 ge·

6 2739 202 2792 ,nerosm
273 2745 528 2805 “Flamma,
558 2747 687 2810 cujus
719 2743 825 2794 finis
855 2746 1035 2796 vastitas
1056 2780 1069 2805 ,
1107 2746 1223 2795 cinis
1243 2781 1256 2804 ,
1296 2743 1563 2810 poenitudo.

7 2807 228 2863 &Pericula
255 2814 402 2867 Ducis
430 2854 444 2881 ,
478 2814 756 2876 Exercitus,
791 2815 978 2876 Patriae,
1018 2816 1085 2864 rei
1120 2813 1298 2867 Divinae
1327 2814 1493 2929 jhuxta,-
1514 2830 1569 2867 ac

8 2896 11 2941 ’1
111 2908 119 2918 1
1080 2933 1085 2936 ,
1372 2897 1500 2929 uma·
