1832 3151
533 84 1112 174 Q(0>3}{3{
1413 105 1496 170 75

66 191 245 251 dicant,
278 207 410 259 atque
449 191 566 243 adeo
603 190 785 258 pondus
827 192 1010 241 amandi
1043 209 1140 242 non
1169 191 1359 244 addunt.
1425 196 1585 247 Nemo

68 276 185 312 unus
232 264 353 312 inter
385 261 598 310 homines
641 259 817 327 diligit,
854 260 944 308 nisi
974 260 1101 325 quod
1130 261 1262 309 tacite*
1299 261 1351 310 ut
1390 265 1584 324 minuS,

67 329 132 377 sm
160 331 305 395 palam
335 328 502 395 probet
534 329 581 376 in
619 326 776 376 altero.
848 326 1070 377 Probatur
1100 327 1238 378 nobis
1281 331 1477 394 amplius
1516 334 1585 381 ni-

0 328 10 498 l
69 394 161 455 hil,
187 416 238 447 ac
273 396 379 446 dum
421 395 562 445 nostri
599 399 730 444 causa
764 398 880 446 mala
917 395 1143 445 ferentem
1184 398 1444 457 cernimus3
1473 417 1584 464 pro-

71 478 258 528 pterea,
293 463 420 528 quod
459 481 547 513 nos
590 463 714 528 ipsos
754 464 928 514 rellexo
974 481 1134 513 amore
1180 464 1453 532 diligimus,
1477 468 1585 518 cum

0 502 6 598 l
67 535 259 581 alterum
302 549 534 591 amamus,
557 533 664 597 quia
711 532 854 580 nostri
912 532 1152 582 commodi
1208 537 1342 582 causa
1397 536 1586 599 patitur.

0 602 7 659 ‘i
68 600 201 667 Qud
244 616 394 664 porro
439 599 495 648 ab
539 599 772 661 ejusmodi
807 599 963 668 fungis
1000 598 1311 666 sperandum,
1339 600 1436 652 hoc
1475 622 1586 668 prae-

0 667 4 707 f
67 666 221 716 sertim
245 685 340 718 aevo
363 708 375 730 ‚
409 668 488 717 ubi
528 667 729 718 consiliis
775 669 906 732 plura
940 683 1162 736 aguntur,
1197 671 1332 735 quam
1381 670 1589 721 viribus?

0 735 4 744 ’
63 735 140 786 Da
172 733 417 788 discrimen
438 771 451 795 ‚
473 738 574 802 quis
598 735 641 785 se
665 735 862 785 ahenum
890 753 978 802 pro
1008 738 1144 803 Regis
1167 738 1317 801 capite
1335 739 1589 803 opponet?

0 808 2 811 ’
68 803 185 871 Quis
210 803 457 873 sanguine,
485 802 536 853 &
571 818 723 854 morte
756 805 943 863 Patriae,
977 822 1028 854 ac
1057 805 1336 870 Reipublicae
1359 806 1504 856 fidem
1526 806 1588 858 sa-

63 874 124 920 tis
153 870 278 922 ssiam
323 872 572 936 probabit?
594 872 774 921 'Fidem
818 870 987 930 nescit,
1010 874 1087 938 qui
1117 890 1300 938 neque,
1327 876 1401 922 cui
1444 874 1588 927 fidem

0 961 4 995 ι
60 940 259 1006 probet,
305 941 655 995 Andabatarum
707 957 874 1003 more,
910 958 1066 1005 neque
1110 956 1193 989 cur
1240 942 1436 1006 probet,
1475 943 1588 997 satis

0 1015 6 1068 j:
61 1007 323 1078 cognoscit.
411 1007 726 1060 Commendat
764 1009 1084 1074 principatum
1122 1012 1267 1059 amori
1303 1028 1461 1062 comes
1502 1028 1590 1063 tra·

0 1077 6 1086 ⁵
63 1078 213 1127 &andi
239 1078 444 1128 facilitas,
511 1079 624 1128 Non
658 1075 728 1126 hae
754 1077 885 1126 rudis
925 1079 1092 1143 populi
1124 1075 1229 1126 sunt
1264 1084 1589 1148 praerogativae.

60 1146 307 1197 Cei-vicem
343 1147 510 1196 rudem
549 1143 840 1205 durities,&
866 1146 1117 1211 pertinacia
1150 1148 1312 1210 paflim
1354 1147 1592 1210 consequi-

60 1228 149 1265 tur.
223 1215 413 1266 Scilicet
449 1215 555 1264 cum
595 1215 748 1272 rati0,
781 1215 1036 1278 J’udicium,
1076 1217 1368 1281 providentia
1400 1220 1553 1268 exulat
1578 1256 1591 1282 ‚

57 1285 267 1352 impetus
309 1283 510 1334 serarum
547 1301 676 1334 more
712 1281 915 1332 habenas
953 1283 1089 1353 regit.
1171 1287 1430 1336 Tormenta
1470 1286 1588 1353 ipsa,

0 1351 7 1403 l
57 1368 138 1403 aut
174 1354 360 1404 verbera
395 1354 470 1404 vix
501 1353 619 1403 adeo
651 1352 820 1401 durum
854 1350 1146 1418 compescat,
1175 1352 1224 1402 tit
1253 1355 1385 1404 verba
1406 1394 1418 1417 ,
1449 1373 1503 1405 ac
1524 1376 1591 1407 ra·

0 1421 9 1448 ''-
60 1423 126 1472 tio
151 1426 357 1482 cultam,
399 1422 772 1488 prudentemque
805 1435 997 1489 gentem
1039 1421 1298 1487 pelliciunt.
1373 1426 1418 1473 O
1450 1443 1589 1491 quan·

0 1506 7 1527 f
61 1491 112 1540 to
143 1490 323 1541 felicior
361 1508 568 1556 purpura
588 1526 601 1548 ,
632 1488 754 1539 suavi
790 1489 940 1538 cineta
968 1489 1132 1548 illicio,
1151 1491 1290 1557 quam
1318 1491 1436 1543 duro
1460 1512 1589 1545 eom-

57 1558 259 1625 pedum,
300 1574 376 1610 aut
403 1559 671 1608 catastarum
702 1556 914 1608 satellitio
938 1556 1139 1608 horrida.
1205 1559 1282 1611 Ad
1309 1560 1406 1612 haec
1431 1562 1593 1614 incon·

0 1626 2 1631 ’
58 1628 246 1679 stantius
270 1629 383 1678 nihil
413 1627 708 1679 multitudine
734 1627 853 1677 rudi.
925 1626 1122 1681 Arundo
1150 1629 1383 1696 e&yp011‚
1413 1630 1465 1681 fit
1475 1665 1492 1695 2
1514 1651 1592 1682 au-

0 1714 5 1722 ·
57 1713 118 1748 rae
161 1699 304 1747 cuivis
343 1698 617 1748 obaudiens.
706 1694 874 1745 Verbis
920 1697 1131 1761 rapitur,
1167 1714 1265 1763 quae
1312 1698 1465 1760 audit3
1494 1720 1592 1754 non

0 1782 17 1800 ²
58 1767 261 1829 merito,
294 1767 423 1831 quod
449 1785 545 1817 non
581 1766 830 1831 assequitur.
901 1764 1139 1816 Corticem
1166 1764 1362 1831 pensat,
1389 1787 1484 1819 non
1506 1788 1590 1821 nu·

59 1836 233 1885 eleum.
301 1837 428 1886 Hinc
457 1836 611 1901 pretio
639 1835 734 1884 fere
760 1834 930 1899 cuique
954 1834 1140 1885 venalis.
1208 1837 1278 1885 Da
1307 1837 1588 1901 Catilinam,

0 1923 9 1963 ’ῑ
56 1921 157 1955 non
180 1922 264 1969 pto
285 1906 458 1954 Rostris
494 1923 606 1954 cum
634 1904 794 1954 Tullio
826 1903 1034 1962 utiliter,
1069 1901 1150 1953 sed
1193 1904 1486 1969 plausibiliter
1512 1908 1585 1957 di·

6 1986 9 1995 ¹
57 1985 281 2030 centem3
319 1973 549 2036 mancipia
584 1972 754 2038 linguae
797 1970 881 2021 suae
916 1986 1104 2039 gentem
1140 1986 1289 2021 totam
1327 1973 1590 2024 numerabit

6 2058 9 2071 ¹
60 2054 321 2089 momento.
390 2042 614 2103 Traianus
659 2040 783 2090 testis
830 2040 895 2088 fit.
967 2039 1122 2089 Limes
1155 2041 1252 2102 ejus
1283 2055 1374 2090 erat
1398 2043 1588 2108 Imperii

0 2123 4 2152 ;
60 2107 327 2156 communis
363 2125 473 2158 cum
525 2109 664 2170 orbe,
704 2107 756 2156 ἃ
785 2122 959 2158 natura.
1028 2111 1088 2158 Et
1135 2120 1206 2157 tot
1243 2108 1436 2158 subaciis
1473 2128 1588 2180 gen-

60 2173 187 2224 tibus
213 2175 286 2224 vix
320 2177 460 2226 ullam
502 2178 676 2227 cenluit
719 2174 888 2232 fidam,
920 2175 1024 2240 quia
1071 2193 1259 2226 omnem
1308 2178 1501 2236 rudem,
1536 2175 1590 2227 &

0 2259 7 2271 *
59 2239 314 2293 barbaram.
383 2245 477 2294 Pari
516 2246 700 2297 levitate
741 2244 824 2293 stat
874 2244 958 2293 illis
1004 2244 1150 2301 fides,
1179 2259 1315 2309 atque
1358 2244 1584 2311 perfidia,

5 2339 8 2352 1
58 2310 188 2375 quod
213 2311 456 2366 stoliditate
480 2311 557 2365 sua
575 2331 664 2364 nec
692 2313 810 2362 illius
833 2312 992 2376 decim,
1021 2326 1098 2363 aut
1129 2311 1335 2364 debitum
1353 2348 1365 2372 ,
1389 2331 1475 2364 nec
1500 2312 1586 2364 hu·

6 2429 7 2440 ¹
60 2380 134 2444 jus
165 2379 420 2444 probrum,
450 2397 526 2432 aut
561 2381 707 2432 scelus
757 2381 927 2445 assequi
965 2382 1150 2449 possint.
1222 2386 1282 2432 Et
1318 2397 1414 2447 quo
1441 2384 1578 2448 paeto

6 2450 7 2455 ¹
61 2448 206 2514 Argis
243 2450 323 2498 :aevi
355 2450 495 2499 nostri
537 2449 743 2500 hostibus
781 2451 959 2498 noe'tuae
989 2450 1057 2500 hae
1091 2447 1190 2497 suas
1228 2450 1330 2516 ipsae
1374 2465 1582 2502 amantes

59 2516 272 2566 tenebras
318 2517 681 2567 1·es1stant?non
721 2517 916 2583 clangor
954 2518 1079 2581 litui,
1111 2515 1270 2585 fragor
1307 2535 1583 2579 armorum,

59 2598 137 2633 aut
175 2585 377 2651 impetus
412 2588 588 2635 laurum
632 2600 902 2648 extorquet,
923 2586 1088 2636 melius
1125 2587 1228 2635 rudi
1265 2600 1403 2653 gente
1434 2587 1482 2636 id
1513 2601 1588 2654 ty-

5 2712 7 2717 ,
59 2653 189 2720 gris,
233 2666 307 2702 aut
347 2654 571 2718 panthera
611 2652 850 2719 praestabit.
923 2652 1177 2723 Jungenda
1208 2655 1391 2705 militari
1427 2655 1586 2705 virtuti

4 2762 6 2767 ,
58 2733 194 2779 eura,
230 2720 436 2780 solertia,
465 2722 752 2788 providentia
773 2755 785 2779 ,
818 2738 918 2772 non
956 2723 1135 2792 ignavia
1173 2723 1328 2782 rudis3
1351 2724 1410 2773 ne
1440 2723 1585 2772 lanie-

3 2826 6 2833 .
59 2802 168 2839 nam
207 2790 359 2859 magis
388 2789 548 2841 subeas
567 2827 579 2852 ,
600 2791 739 2859 quam
768 2806 962 2841 arenam.
1040 2791 1264 2843 Cultioris
1298 2791 1398 2842 haec
1413 2793 1585 2908 somnia

1434 2871 1516 2908 unt
