1832 3151
315 121 444 185 124
745 104 1312 192 ἓξὲξῌήἓὲἑέἓ

226 223 285 258 ne
317 203 632 262 versabantur,
667 220 843 258 veteres
863 209 1051 276 Imperii
1080 209 1157 260 seu
1190 207 1386 262 Romani
1412 247 1424 275 ,
1463 206 1542 261 seu
1576 221 1749 263 extera·

225 292 332 326 rum
355 272 568 340 gentium
594 271 818 327 fecissent.

331 341 562 406 Indefirid
594 344 808 409 Princeps
846 346 925 411 qui
957 359 1106 403 caret,
1141 344 1299 412 quid?
1352 345 1441 395 nisi
1494 348 1644 396 ventis
1680 346 1744 399 se·

228 409 356 460 mina
373 409 581 477 sparget,
617 410 696 464 etfi
721 412 914 464 consiliis
938 432 988 463 ac
1009 414 1225 480 sapientia
1237 414 1289 465 fit
1313 413 1594 481 AlphonffiS.
1631 417 1743 469 Haec

226 478 478 543 impendiis
498 477 615 544 serpe
639 498 735 530 non
753 482 1003 547 grandibus
1028 483 1221 548 grandia
1244 481 1294 531 ἃ
1322 484 1535 545 molitur,
1567 482 1618 532 &
1633 500 1745 533 con·

225 545 340 598 ficit.
389 550 500 605 ‚Haec
521 545 554 596 fi
582 565 738 598 euram
766 551 890 616 gerit
915 549 1098 599 {uorum
1117 585 1132 613 5
1168 566 1268 618 quae
1300 551 1447 614 prima
1482 551 1745 616 Principum

224 632 332 667 cura
347 615 438 679 est,
472 629 524 666 ut
552 613 639 666 suae
668 634 854 682 quoque
878 617 1142 686 dignitatis,
1186 618 1332 668 cultus
1351 657 1363 681 ,
1417 618 1468 670 δί
1492 619 1745 682 Majestatis.

225 702 324 735 non
361 683 507 734 oblita
540 682 627 734 so-li
661 684 853 749 publicae
906 686 1063 738 serviat
1096 688 1344 748 utilitati,
1380 703 1517 752 quam
1554 706 1748 757 regnan·

225 754 329 803 tum
359 754 569 820 regulam
589 753 674 803 efle
703 769 904 820 oportet.
945 755 1116 821 Neque
1139 757 1266 806 enim
1297 755 1413 805 adeo
1440 754 1581 805 Cives
1610 758 1744 822 Regi,

224 822 364 886 quam
384 823 479 870 Rex
499 820 693 872 Civibus
709 826 842 873 Pater
861 858 876 884 ‚
909 822 960 873 &
985 824 1150 874 arbiter
1170 860 1182 884 ‚
1218 824 1268 873 ut
1290 820 1358 873 sol
1384 823 1494 874 caelo
1529 820 1582 871 &
1616 825 1744 874 astris

226 889 361 939 datus
380 888 560 939 videtur
586 925 599 950 ,
636 888 792 951 secus,
834 909 918 952 ac,
977 893 1130 959 Lipfio
1179 891 1349 941 arbitro
1378 931 1391 955 ‚
1446 892 1638 941 Romani
1683 893 1751 945 illi

226 956 474 1009 censebant
496 962 828 1024 Imperatores,
871 960 950 1028 qui
986 979 1083 1012 non
1110 959 1366 1011 tondebant
1397 975 1532 1017 oveS,
1571 957 1646 1013 sed
1668 959 1746 1013 de·

225 1025 507 1096 glubebant3
546 1029 890 1080 provinciarum
917 1030 1160 1095 praedones
1179 1069 1191 1092 ‚
1224 1046 1328 1079 non
1355 1030 1647 1096 imperantes,

329 1098 558 1145 Amorem
581 1096 832 1148 Clementia
862 1100 1096 1150 conciliet.
1150 1099 1296 1150 Stulta
1336 1115 1430 1151 vox
1469 1095 1749 1150 Machiavel·
1816 1094 1819 1105 ¹

226 1162 260 1212 li
292 1163 352 1214 de
380 1161 557 1215 Caesare
577 1166 749 1234 Bor-gia
772 1185 782 1217 ε
817 1171 960 1217 metui
974 1170 1123 1218 tutiits
1142 1165 1243 1236 effi,
1288 1166 1418 1238 qucim
1440 1169 1608 1219 amari.
1651 1164 1747 1214 Fir·
1814 1194 1818 1201 ·

225 1233 477 1282 mistimum
502 1234 637 1283 Livio
663 1242 692 1284 Ι.
718 1247 760 1297 g,
794 1235 1069 1303 imperium,
1108 1253 1206 1302 quo
1229 1235 1498 1288 obedientes
1530 1233 1751 1302 gaudent·
1815 1240 1818 1276 ἶ

220 1299 462 1351 Infirmum
492 1302 555 1350 est
583 1303 854 1368 imperium,
907 1306 1039 1368 cujus
1072 1303 1372 1356 fundamenta
1419 1303 1526 1356 sunt
1555 1301 1647 1353 offa
1688 1302 1750 1358 ci·
1814 1326 1816 1331 ’

222 1371 348 1420 vium
394 1383 691 1420 necatorum:
730 1368 781 1420 ἃ
817 1371 911 1422 fere
943 1374 1140 1424 nimium
1186 1391 1286 1425 non
1327 1372 1530 1428 lubricus
1568 1370 1744 1432 modo,

226 1437 303 1489 sed
331 1454 534 1505 praeceps
561 1439 621 1489 est
640 1453 806 1492 trames
836 1442 1027 1493 Civium
1057 1441 1280 1515 sanguine
1314 1442 1545 1510 irrigatus.
1631 1442 1746 1491 Haee
1811 1446 1815 1500 f

222 1525 313 1558 vox
337 1506 482 1574 digna
516 1509 755 1572 Principe,
795 1527 933 1575 quam
962 1510 1139 1561 deliciae
1175 1511 1356 1580 generis
1388 1506 1580 1563 humani
1611 1507 1752 1557 Titus
1828 1541 1832 1550 .

222 1576 368 1628 olim:
403 1593 492 1625 non
523 1591 734 1641 oportere
764 1577 1028 1646 quemqucim
1063 1578 1089 1626 ἂ
1108 1580 1242 1645 facie
1262 1578 1416 1627 Patris
1442 1579 1618 1645 trtstem
1660 1573 1748 1639 dis1
1814 1585 1815 1588 ’

224 1645 398 1696 cedere.
477 1642 594 1695 Non
624 1645 912 1699 honestiores
948 1647 1121 1706 modo,
1157 1646 1235 1696 sed
1271 1645 1323 1696 <Sc
1347 1647 1537 1697 tutiores
1569 1643 1747 1710 praestat

223 1713 473 1764 clementia
489 1716 671 1783 RegeS,
708 1729 1032 1767 ornamentum
1059 1716 1364 1781 imperiorum
1389 1714 1520 1766 iimul
1536 1749 1551 1777 ‚
1580 1711 1632 1763 ὃ(
1650 1728 1748 1766 cer·
1809 1756 1814 1761 .

222 1781 386 1831 tiffima
411 1779 541 1833 salus.
613 1784 838 1846 Trajanus
859 1784 1069 1834 omnium
1102 1785 1235 1835 instar
1263 1784 1387 1834 testis
1418 1784 1498 1847 fit,
1534 1781 1615 1832 sub
1648 1798 1745 1846 quo
1811 1801 1814 1806 ·

225 1849 468 1900 meridiem
501 1849 763 1901 altiffimum
793 1854 942 1902 Roma
974 1852 1123 1902 tenuit
1134 1871 1147 1910 3
1186 1867 1336 1903 tantus
1363 1853 1410 1903 in
1439 1854 1565 1903 hunc
1593 1847 1752 1902 subdi·

221 1931 377 1968 torum
404 1933 563 1978 amor,
600 1933 650 1968 ut
683 1921 757 1970 alii
785 1919 830 1972 se
860 1919 968 1970 satis
990 1920 1146 1971 vixisse
1171 1919 1273 1988 ipso
1311 1920 1437 1984 viso,
1460 1921 1536 1975 alii
1566 1917 1663 1990 ipso
1684 1916 1751 1971 vi·
1808 1947 1832 1975 ,ι

222 1984 272 2039 so
309 1987 458 2055 magis
501 1986 803 2053 praedicarent
844 1988 1113 2041 vivendum.

328 2059 621 2123 Quamquam
643 2057 840 2110 crudelis
868 2057 1030 2108 evadat
1054 2058 1325 2117 clementia,
1368 2056 1399 2107 si
1426 2056 1607 2127 gladius
1632 2052 1745 2109 absit

221 2122 452 2189 Justitt'ae.
511 2128 593 2185 Vae
628 2125 944 2191 Reipublicae!
995 2127 1102 2178 cnm
1143 2125 1337 2194 impune
1379 2126 1627 2194 grassantur
1651 2122 1746 2174 sce·

221 2192 350 2242 Iera:
383 2190 443 2248 sie
479 2192 606 2243 enim
637 2193 731 2260 quo
758 2197 907 2258 majus
939 2212 1160 2264 regnum,
1200 2197 1256 2246 εὸ
1290 2197 1438 2257 majus
1469 2196 1532 2245 est
1566 2191 1747 2249 latroci-

219 2261 369 2311 nium.
432 2260 558 2311 Cfim
591 2260 780 2315 ferendo
809 2263 1023 2326 injuriam
1055 2279 1258 2314 veterem
1289 2298 1302 2322 ,
1350 2264 1568 2313 invitetur
1603 2277 1740 2312 nova.

220 2329 333 2379 Haec
366 2346 458 2379 una
489 2328 767 2382 seditionum
800 2349 966 2399 parens
994 2331 1059 2381 est
1095 2332 1360 2394 certissima,
1413 2331 1528 2382 dum
1561 2348 1661 2398 quae
1690 2328 1745 2376 li·

221 2394 359 2460 bem,
396 2399 533 2448 licere
558 2411 803 2449 cernuntur
841 2400 1010 2449 omnia.
1070 2401 1244 2451 Contra
1273 2433 1288 2461 ‚
1352 2399 1403 2450 ut
1432 2400 1742 2456 immodicus,

220 2464 277 2514 δε
307 2465 520 2517 constans
551 2481 704 2517 metus
726 2467 989 2518 'vindiciam
1020 2504 1033 2528 ,
1066 2467 1127 2518 sic
1177 2481 1454 2536 temperatus
1502 2466 1743 2518 observan-

220 2534 333 2585 tiam
362 2534 539 2602 gignit‚
581 2534 635 2585 δι
658 2536 948 2598 MaJestatem
969 2533 1133 2590 firmat.
1170 2541 1343 2591 Ament
1370 2536 1537 2603 probi,
1560 2533 1740 2602 legum·

217 2619 311 2668 que
340 2603 552 2654 custodes
575 2605 831 2672 Principem
850 2643 866 2668 ,
904 2605 957 2655 ut
999 2608 1181 2657 Patrem
1215 2643 1227 2657 .
1271 2618 1508 2657 vereantur
1536 2600 1747 2672 improbi

221 2670 455 2721 vindicem
483 2707 495 2731 ,
530 2674 660 2738 quod
712 2674 1010 2728 necessarium
1048 2675 1181 2742 saepe.
1266 2673 1534 2727 Aurelianus
1568 2666 1745 2721 tametfi

218 2736 428 2798 severus,
469 2738 731 2806 neceffizrt’us
775 2743 998 2807 Princeps
1042 2744 1108 2794 est
1151 2742 1412 2807 judicatus,
1451 2739 1582 2807 quod
1629 2739 1741 2788 vitia

220 2808 459 2862 mitiorem
499 2809 766 2879 Principem
815 2828 915 2864 non
948 2811 1232 2869 admisissent.
1284 2811 1384 2863 Pari
1425 2812 1561 2863 causa
1606 2807 1742 2859 Seve-

1520 2926 1522 2928 .
1576 2892 1680 2928 rum
