1832 3151
509 66 1080 156 {QCOHQZ
1386 90 1490 150 119

51 169 203 239 ipsum
233 170 380 226 volvit
402 210 414 235 ,
446 171 498 224 &
516 176 712 224 revolvit
730 173 978 224 Maeandris
1003 192 1086 240 per
1107 186 1233 223 terrae
1253 172 1419 224 viscera
1439 171 1574 241 abyss

50 239 145 293 sus.
197 241 455 307 Nunquam
488 243 539 291 tit
560 242 720 304 cursu,
759 243 818 291 fic
852 240 1035 308 aspectu
1076 241 1156 292 fibi
1194 242 1375 293 constat
1410 246 1575 306 Luna,

46 311 150 376 pari
189 312 444 360 mobilitate
477 310 722 362 fleetuntur
756 309 926 369 fidem,
963 308 1014 358 ἃ
1037 309 1108 360 his
1137 311 1343 361 motibus
1380 315 1462 361 stat
1491 331 1573 362 na·

47 391 158 428 tur-:e
190 378 413 429 felicitas:
447 375 579 427 stabit
618 381 719 443 pari
742 378 837 428 fato
874 376 971 428 sbrs
1002 378 1171 443 placita
1197 378 1511 444 Reipublicae,
1536 378 1570 429 si

0 478 1 481 =
45 444 130 495 fibi
163 462 265 497 non
289 445 496 495 constent
513 448 711 511 perenni
737 445 848 496 {erle
879 446 1189 515 Magistratus.
1271 449 1342 497 Da
1359 447 1568 497 constan·

46 526 168 574 tem,
206 529 282 562 aut
313 512 513 574 Sirium,
550 529 629 564 aut
653 515 858 577 Plejacles
893 515 1027 576 orbi3
1062 513 1259 565 torrebit
1290 517 1366 564 ille
1390 551 1402 574 ‚
1433 517 1568 565 iuun-

45 580 225 630 dabunt
253 580 323 630 hae
357 583 538 642 omnia,
574 583 743 649 perdet
770 598 1019 649 utrumque
1046 582 1177 633 fidus.
1251 585 1342 633 Vel
1363 585 1570 635 Atlantis

44 649 163 699 vires
188 662 264 697 aut
294 649 441 709 lassat,
479 665 553 701 aut
584 651 757 719 frangit
784 652 1040 702 decumana
1079 653 1224 701 moles
1243 651 1459 717 imperii3
1483 668 1566 720 ge·

43 715 182 768 statur
206 716 410 778 facilius,
431 720 552 768 ‘cum
585 722 808 769 Hercules
827 718 1031 770 succedit
1067 720 1121 769 ut
1143 720 1302 782 oneri,
1335 718 1398 768 fic
1412 719 1565 770 honoa

42 785 98 836 ri.
162 788 216 835 In
241 804 366 836 auras
399 787 493 836 abit
512 787 641 837 unde
677 802 809 838 motu
837 788 1055 856 perrenni
1087 787 1312 846 bulliens,
1348 784 1402 836 &
1431 788 1563 837 flam-

41 870 116 903 ma
143 856 328 914 lucens,
362 856 448 905 nisi
468 856 642 920 pabulo
669 858 905 909 nutriatur.
951 855 1027 907 Sic
1055 854 1119 905 sui
1138 856 1276 920 ipsius
1292 855 1470 906 incuria
1491 854 1561 906 est

38 920 328 973 subditorum
361 940 494 982 cura3
543 924 735 991 languet
766 923 1013 995 vigilantiae
1044 924 1272 983 alacritas,
1306 937 1463 989 torpet
1484 923 1560 974 in·

39 989 207 1041 dustria
228 1026 239 1049 ,
275 992 382 1041 cnm
405 993 531 1041 idem
554 993 795 1042 cerebrum
823 1011 929 1043 cura
958 990 1140 1058 semper
1163 991 1339 1060 fatigat.
1411 995 1472 1042 Et
1489 1009 1563 1041 ca-

36 1058 146 1125 lybs
171 1061 377 1109 atteritur
405 1059 537 1110 fridstu
566 1079 660 1110 non
685 1062 947 1127 interrupto
964 1101 976 1125 ‚
1019 1060 1072 1111 &
1107 1062 1247 1130 vigor
1281 1062 1448 1109 mentis
1477 1059 1564 1108 ob·

36 1127 247 1178 tunditur
275 1168 287 1192 ‚
341 1127 375 1177 fi
416 1143 522 1199 agat
558 1128 752 1196 semper.
847 1138 984 1198 Age,
1023 1131 1144 1181 vices
1176 1144 1302 1179 muta
1340 1126 1560 1178 siderum.

33 1195 156 1265 Qtia
175 1194 321 1247 fervet
362 1214 504 1247 omne
547 1198 875 1264 principium3
921 1197 1050 1247 labor
1084 1198 1184 1264 ipse
1225 1196 1421 1264 regendi
1460 1212 1562 1246 non

30 1266 200 1330 qnietis
235 1268 318 1316 erit
356 1267 589 1328 monitor,
628 1264 704 1314 std
743 1267 1030 1316 incentivum
1062 1265 1316 1317 alacritatis.
1394 1264 1553 1331 Quam

30 1333 280 1401 indignum
310 1335 503 1384 avaritiae
541 1352 716 1403 gemm,
754 1334 881 1399 quod
919 1336 1091 1393 virtus,
1128 1333 1180 1383 <St
1218 1332 1382 1383 merita
1416 1332 1554 1382 desti·

27 1405 197 1452 nat-unt
218 1403 430 1469 pluribus
451 1442 463 1466 ‚
498 1420 749 1469 paucorum
766 1402 859 1452 {inu
887 1404 1098 1453 arctare?
1134 1402 1398 1467 Sapientia,
1438 1416 1552 1467 pro-

27 1468 262 1529 videntia,
299 1471 442 1520 virtus
475 1473 738 1535 complures
780 1472 1056 1539 Magistratu
1097 1472 1271 1539 dignos
1307 1468 1550 1528 efficiunt3

27 1554 111 1590 eur
134 1539 398 1604 praemium,
432 1539 562 1605 quod
582 1539 715 1604 jubet
732 1541 919 1606 aequitas
938 1576 949 1598 ,
986 1557 1084 1590 non
1101 1538 1316 1589 obveniat
1335 1539 1510 1588 meritis
1525 1537 1553 1586 ἓ

30 1609 96 1658 Et
123 1608 272 1675 gloria
307 1608 576 1674 Principum
609 1648 621 1672 ‚
657 1606 708 1656 &
743 1606 1028 1658 subditorum
1064 1607 1259 1659 felicitas
1293 1606 1384 1669 est,
1432 1605 1553 1655 mul·

31 1686 106 1726 tos
136 1692 303 1726 ornare
326 1676 477 1743 posse,
516 1678 686 1727 multos
716 1691 878 1726 ornatu
896 1675 1067 1744 dignos
1097 1676 1261 1726 videri.
1311 1679 1408 1726 Aut
1421 1673 1555 1724 enim

30 1746 348 1810 expetendum
382 1745 449 1796 est
487 1744 656 1805 decus,
698 1758 774 1793 aut
807 1746 978 1794 malum
1009 1744 1265 1796 verendum
1299 1743 1362 1792 est
1395 1741 1554 1809 Magi-

28 1811 231 1863 stratus?
268 1813 313 1862 Si
329 1813 497 1866 decus:
535 1827 761 1866 ornentur
789 1813 960 1878 plures.
1031 1814 1080 1863 Si
1102 1815 1304 1862 malum:
1330 1826 1432 1860 non
1458 1826 1548 1876 op·

26 1883 254 1947 primatur
289 1897 423 1932 unus.
478 1882 634 1933 Servat
666 1881 1023 1945 Rempublieam
1054 1881 1223 1931 civium
1261 1878 1551 1948 singulorum

25 1950 291 1999 moderatio
315 1988 326 2010 ,
357 1950 472 1999 dum
501 1952 661 2001 contra
684 1950 850 2009 Marii,
888 1950 1116 2018 Syllaeque
1152 1949 1412 2014 protervia,
1460 1962 1551 2013 po·

26 2019 168 2068 tentia
190 2017 266 2067 sua
299 2019 557 2068 Romanam
587 2017 809 2068 convulsit
842 2017 1208 2083 Rempublicam.
1277 2018 1414 2067 Muta
1438 2016 1548 2065 Ma-

22 2084 262 2153 gistratus,
302 2086 669 2136 moderationem
696 2085 908 2137 fundasti.
961 2089 1095 2153 Jacet
1115 2085 1296 2136 enervis
1326 2099 1545 2152 arrogan-

6 2155 115 2216 ⁴tia,
152 2154 268 2204 dum
291 2157 546 2222 pariturum
568 2152 612 2204 se
637 2154 857 2221 postridie
882 2155 1043 2213 novit,
1081 2154 1159 2219 qui
1184 2152 1326 2204 hodie
1361 2153 1546 2202 clavum

20 2234 171 2274 tenet.
211 2227 320 2274 Non
344 2224 463 2274 adeo
485 2220 719 2289 praestntis
737 2221 897 2290 fulgor
928 2223 1056 2275 sortis
1082 2235 1278 2273 excaecat
1299 2255 1312 2279 ‚
1348 2235 1399 2269 ac
1418 2218 1545 2268 futu-

22 2307 85 2342 τε
116 2292 404 2358 expectati0‚
440 2292 552 2341 dum
594 2291 718 2341 adest
754 2292 983 2342 certitudo
1004 2327 1017 2352 ,
1056 2292 1106 2341 in
1136 2289 1349 2339 ordinem
1387 2285 1436 2336 se
1477 2302 1549 2336 re·

25 2358 281 2428 digendum
316 2361 606 2426 propediem.
665 2363 1114 2425 Temperamentum
1135 2393 1148 2418 ,
1187 2355 1238 2406 &
1271 2355 1546 2406 condimen-

23 2438 125 2478 tum
150 2429 215 2479 est
245 2428 510 2497 arrogantiae
533 2427 804 2479 hominibus
832 2429 1097 2496 congenitae
1114 2462 1126 2486 ,
1163 2425 1225 2476 ne
1264 2424 1364 2491 quis
1391 2422 1438 2473 {e
1472 2420 1546 2472 su-

60 2515 108 2546 ra
137 2494 182 2549 se
207 2496 315 2548 ausit
337 2500 507 2547 levare.
594 2494 696 2561 Ipsa
737 2494 927 2547 fascium
955 2495 1269 2563 gerendorum
1315 2491 1547 2558 temporis

21 2513 238 2624 brevitas,
273 2567 376 2631 quia
408 2567 563 2616 (emen
593 2578 671 2614 aut
691 2563 850 2627 famae,
882 2578 961 2613 aut
982 2563 1139 2629 probri
1171 2562 1232 2612 est
1255 2559 1545 2630 sempiterni,

21 2634 219 2684 acriores
236 2636 326 2684 ciet
340 2652 468 2685 curas
481 2637 536 2683 ad
552 2633 784 2700 agendum
805 2668 817 2692 ,
832 2633 1012 2682 animos
1030 2631 1085 2683 ad
1101 2630 1386 2681 audendum.
1416 2626 1541 2677 Nul-

20 2700 87 2751 lus
108 2714 210 2750 tum
235 2702 361 2768 pensi
396 2704 459 2754 est
502 2701 665 2766 labor,
701 2701 809 2750 cum
836 2713 1075 2751 momento
1102 2699 1230 2749 venit
1261 2695 1542 2748 existimatio

19 2769 292 2825 aternitatis:
362 2772 465 2838 Sic,
498 2770 630 2842 quod
679 2780 974 2822 tormentum
1003 2769 1195 2823 vetustas
1226 2783 1345 2821 eaeca
1372 2761 1542 2883 deredi-

716 2840 764 2892 H
800 2853 833 2899 4
1404 2844 1440 2881 tt
1458 2870 1473 2897 ι
