<?xml version="1.0" encoding="UTF-8"?>
<!DOCTYPE html PUBLIC "-//W3C//DTD XHTML 1.0 Transitional//EN"
    "http://www.w3.org/TR/xhtml1/DTD/xhtml1-transitional.dtd">
<html xmlns="http://www.w3.org/1999/xhtml" xml:lang="en" lang="en">
 <head>
  <title>
</title>
<meta http-equiv="Content-Type" content="text/html;charset=utf-8" />
  <meta name='ocr-system' content='tesseract 3.04.00' />
  <meta name='ocr-capabilities' content='ocr_page ocr_carea ocr_par ocr_line ocrx_word'/>
</head>
<body>
  <div class='ocr_page' id='page_1' title='image "./ideasapientisthe00vano_0132.png"; bbox 0 0 1832 3151; ppageno 0'>
   <div class='ocr_carea' id='block_1_1' title="bbox 335 126 1296 218">
    <p class='ocr_par' dir='ltr' id='par_1_1' title="bbox 335 126 1296 218">
     <span class='ocr_line' id='line_1_1' title="bbox 335 126 1296 218; baseline 0 0"><span class='ocrx_word' id='word_1_1' title='bbox 335 132 443 197; x_wconf 67' lang='lat'>118</span> <span class='ocrx_word' id='word_1_2' title='bbox 718 126 1296 218; x_wconf 48' lang='grc' dir='ltr'>ἓὲἒμΰέἐέἓ</span> 
     </span>
    </p>
   </div>
   <div class='ocr_carea' id='block_1_2' title="bbox 244 234 1796 991">
    <p class='ocr_par' dir='ltr' id='par_1_2' title="bbox 244 234 1796 991">
     <span class='ocr_line' id='line_1_2' title="bbox 244 234 1794 310; baseline -0.002 -19"><span class='ocrx_word' id='word_1_3' title='bbox 244 242 409 310; x_wconf 74' lang='lat' dir='ltr'>ignes,</span> <span class='ocrx_word' id='word_1_4' title='bbox 443 255 537 288; x_wconf 87' lang='lat' dir='ltr'>non</span> <span class='ocrx_word' id='word_1_5' title='bbox 569 248 621 287; x_wconf 86' lang='lat' dir='ltr'>ut</span> <span class='ocrx_word' id='word_1_6' title='bbox 652 235 892 305; x_wconf 74' lang='lat' dir='ltr'>designent</span> <span class='ocrx_word' id='word_1_7' title='bbox 929 235 1107 295; x_wconf 68' lang='lat' dir='ltr'>finum,</span> <span class='ocrx_word' id='word_1_8' title='bbox 1135 252 1211 287; x_wconf 86' lang='lat' dir='ltr'>aut</span> <span class='ocrx_word' id='word_1_9' title='bbox 1233 256 1374 287; x_wconf 89' lang='lat' dir='ltr'>manu</span> <span class='ocrx_word' id='word_1_10' title='bbox 1401 237 1568 288; x_wconf 85' lang='lat' dir='ltr'>ducant</span> <span class='ocrx_word' id='word_1_11' title='bbox 1592 275 1603 298; x_wconf 87' lang='lat'>‚</span> <span class='ocrx_word' id='word_1_12' title='bbox 1629 234 1705 287; x_wconf 83' lang='lat' dir='ltr'>sed</span> <span class='ocrx_word' id='word_1_13' title='bbox 1731 249 1794 288; x_wconf 70' lang='lat' dir='ltr'>ut·</span> 
     </span>
     <span class='ocr_line' id='line_1_3' title="bbox 246 305 1787 374; baseline -0.002 -15"><span class='ocrx_word' id='word_1_14' title='bbox 246 309 466 359; x_wconf 83' lang='lat' dir='ltr'>credulos</span> <span class='ocrx_word' id='word_1_15' title='bbox 489 306 677 365; x_wconf 83' lang='lat' dir='ltr'>ludant,</span> <span class='ocrx_word' id='word_1_16' title='bbox 707 305 918 355; x_wconf 85' lang='lat' dir='ltr'>incautos</span> <span class='ocrx_word' id='word_1_17' title='bbox 947 305 1177 354; x_wconf 80' lang='lat' dir='ltr'><strong>inducant.</strong></span> <span class='ocrx_word' id='word_1_18' title='bbox 1251 310 1318 356; x_wconf 90' lang='lat' dir='ltr'>Ut</span> <span class='ocrx_word' id='word_1_19' title='bbox 1344 326 1441 359; x_wconf 89' lang='lat' dir='ltr'>non</span> <span class='ocrx_word' id='word_1_20' title='bbox 1481 309 1645 373; x_wconf 76' lang='lat' dir='ltr'>quaevis</span> <span class='ocrx_word' id='word_1_21' title='bbox 1682 324 1787 374; x_wconf 82' lang='lat' dir='ltr'>ery-</span> 
     </span>
     <span class='ocr_line' id='line_1_4' title="bbox 254 373 1790 440; baseline -0.001 -14"><span class='ocrx_word' id='word_1_22' title='bbox 254 376 411 427; x_wconf 86' lang='lat' dir='ltr'>stallus</span> <span class='ocrx_word' id='word_1_23' title='bbox 452 375 624 424; x_wconf 79' lang='lat' dir='ltr'>stillans</span> <span class='ocrx_word' id='word_1_24' title='bbox 658 375 720 423; x_wconf 89' lang='lat' dir='ltr'>est</span> <span class='ocrx_word' id='word_1_25' title='bbox 756 375 966 435; x_wconf 84' lang='lat' dir='ltr'>adamas,</span> <span class='ocrx_word' id='word_1_26' title='bbox 1010 373 1068 423; x_wconf 82' lang='lat' dir='ltr'>fic</span> <span class='ocrx_word' id='word_1_27' title='bbox 1099 374 1203 433; x_wconf 84' lang='lat' dir='ltr'>iris,</span> <span class='ocrx_word' id='word_1_28' title='bbox 1230 392 1327 439; x_wconf 80' lang='lat' dir='ltr'>quae</span> <span class='ocrx_word' id='word_1_29' title='bbox 1357 377 1482 440; x_wconf 86' lang='lat' dir='ltr'>pacis</span> <span class='ocrx_word' id='word_1_30' title='bbox 1521 376 1658 437; x_wconf 85' lang='lat' dir='ltr'>olim,</span> <span class='ocrx_word' id='word_1_31' title='bbox 1707 393 1790 424; x_wconf 81' lang='lat' dir='ltr'>cur</span> 
     </span>
     <span class='ocr_line' id='line_1_5' title="bbox 255 441 1793 510; baseline -0.002 -17"><span class='ocrx_word' id='word_1_32' title='bbox 255 444 371 495; x_wconf 78' lang='lat' dir='ltr'>belli</span> <span class='ocrx_word' id='word_1_33' title='bbox 394 445 504 495; x_wconf 71' lang='lat' dir='ltr'>alias</span> <span class='ocrx_word' id='word_1_34' title='bbox 528 441 799 510; x_wconf 73' lang='lat' dir='ltr'>praesagium&#39;</span> <span class='ocrx_word' id='word_1_35' title='bbox 832 442 916 491; x_wconf 75' lang='lat' dir='ltr'>effe</span> <span class='ocrx_word' id='word_1_36' title='bbox 937 458 1037 491; x_wconf 89' lang='lat' dir='ltr'>non</span> <span class='ocrx_word' id='word_1_37' title='bbox 1058 442 1199 506; x_wconf 83' lang='lat' dir='ltr'>poffit</span> <span class='ocrx_word' id='word_1_38' title='bbox 1220 443 1241 490; x_wconf 60' lang='grc' dir='ltr'>ἶ)</span> <span class='ocrx_word' id='word_1_39' title='bbox 1271 441 1466 493; x_wconf 83' lang='lat' dir='ltr'>fortuito</span> <span class='ocrx_word' id='word_1_40' title='bbox 1499 458 1669 493; x_wconf 81' lang='lat' dir='ltr'>naturae</span> <span class='ocrx_word' id='word_1_41' title='bbox 1689 460 1793 491; x_wconf 80' lang='lat' dir='ltr'>cut·-</span> 
     </span>
     <span class='ocr_line' id='line_1_6' title="bbox 252 509 1788 577; baseline -0.003 -13"><span class='ocrx_word' id='word_1_42' title='bbox 252 512 335 576; x_wconf 85' lang='lat' dir='ltr'>su,</span> <span class='ocrx_word' id='word_1_43' title='bbox 375 510 611 564; x_wconf 81' lang='lat' dir='ltr'>causarum</span> <span class='ocrx_word' id='word_1_44' title='bbox 650 523 782 559; x_wconf 89' lang='lat' dir='ltr'>motu</span> <span class='ocrx_word' id='word_1_45' title='bbox 814 509 937 558; x_wconf 80' lang='lat' dir='ltr'>faces</span> <span class='ocrx_word' id='word_1_46' title='bbox 965 511 1124 559; x_wconf 82' lang='lat' dir='ltr'>caelum</span> <span class='ocrx_word' id='word_1_47' title='bbox 1155 511 1368 559; x_wconf 82' lang='lat' dir='ltr'>accendit</span> <span class='ocrx_word' id='word_1_48' title='bbox 1391 548 1402 569; x_wconf 88' lang='lat'>,</span> <span class='ocrx_word' id='word_1_49' title='bbox 1442 512 1492 562; x_wconf 61' lang='grc' dir='ltr'>δὲ</span> <span class='ocrx_word' id='word_1_50' title='bbox 1526 512 1788 577; x_wconf 81' lang='lat' dir='ltr'>diphteram</span> 
     </span>
     <span class='ocr_line' id='line_1_7' title="bbox 254 577 1791 645; baseline -0.01 -10"><span class='ocrx_word' id='word_1_51' title='bbox 254 582 360 635; x_wconf 82' lang='lat' dir='ltr'>haec</span> <span class='ocrx_word' id='word_1_52' title='bbox 384 580 609 631; x_wconf 77' lang='lat' dir='ltr'>continuo</span> <span class='ocrx_word' id='word_1_53' title='bbox 638 577 808 628; x_wconf 85' lang='lat' dir='ltr'>facient</span> <span class='ocrx_word' id='word_1_54' title='bbox 842 580 999 627; x_wconf 81' lang='lat' dir='ltr'>animo</span> <span class='ocrx_word' id='word_1_55' title='bbox 1027 578 1098 628; x_wconf 89' lang='lat' dir='ltr'>his</span> <span class='ocrx_word' id='word_1_56' title='bbox 1140 578 1338 639; x_wconf 67' lang='lat' dir='ltr'>maiori?</span> <span class='ocrx_word' id='word_1_57' title='bbox 1371 585 1435 630; x_wconf 87' lang='lat' dir='ltr'>At</span> <span class='ocrx_word' id='word_1_58' title='bbox 1467 581 1603 645; x_wconf 82' lang='lat' dir='ltr'>pestis</span> <span class='ocrx_word' id='word_1_59' title='bbox 1637 584 1791 630; x_wconf 76' lang='lat' dir='ltr'>Euro-</span> 
     </span>
     <span class='ocr_line' id='line_1_8' title="bbox 258 645 1792 717; baseline -0.002 -17"><span class='ocrx_word' id='word_1_60' title='bbox 258 668 356 717; x_wconf 83' lang='lat' dir='ltr'>pae,</span> <span class='ocrx_word' id='word_1_61' title='bbox 391 649 442 698; x_wconf 83' lang='lat'>&amp;</span> <span class='ocrx_word' id='word_1_62' title='bbox 470 647 659 697; x_wconf 80' lang='lat' dir='ltr'>Persidis</span> <span class='ocrx_word' id='word_1_63' title='bbox 694 662 803 695; x_wconf 87' lang='lat' dir='ltr'>cum</span> <span class='ocrx_word' id='word_1_64' title='bbox 835 647 933 695; x_wconf 87' lang='lat' dir='ltr'>aliis</span> <span class='ocrx_word' id='word_1_65' title='bbox 957 647 1170 697; x_wconf 80' lang='lat' dir='ltr'>Cometae</span> <span class='ocrx_word' id='word_1_66' title='bbox 1196 645 1373 695; x_wconf 86' lang='lat' dir='ltr'>indicio</span> <span class='ocrx_word' id='word_1_67' title='bbox 1396 647 1665 715; x_wconf 69' lang='lat' dir='ltr'>praesignati.</span> <span class='ocrx_word' id='word_1_68' title='bbox 1705 651 1792 697; x_wconf 84' lang='lat' dir='ltr'>Ita-</span> 
     </span>
     <span class='ocr_line' id='line_1_9' title="bbox 255 713 1792 780; baseline -0.004 -10"><span class='ocrx_word' id='word_1_69' title='bbox 255 719 318 771; x_wconf 73' lang='lat' dir='ltr'>ne</span> <span class='ocrx_word' id='word_1_70' title='bbox 350 717 499 768; x_wconf 74' lang='lat' dir='ltr'>vero?</span> <span class='ocrx_word' id='word_1_71' title='bbox 529 734 609 765; x_wconf 88' lang='lat' dir='ltr'>cur</span> <span class='ocrx_word' id='word_1_72' title='bbox 640 732 742 765; x_wconf 90' lang='lat' dir='ltr'>non</span> <span class='ocrx_word' id='word_1_73' title='bbox 771 715 948 764; x_wconf 87' lang='lat' dir='ltr'>eodem</span> <span class='ocrx_word' id='word_1_74' title='bbox 976 714 1120 763; x_wconf 77' lang='lat' dir='ltr'>fidere</span> <span class='ocrx_word' id='word_1_75' title='bbox 1146 713 1299 764; x_wconf 77' lang='lat' dir='ltr'>felicia</span> <span class='ocrx_word' id='word_1_76' title='bbox 1327 715 1376 765; x_wconf 83' lang='lat' dir='ltr'>id</span> <span class='ocrx_word' id='word_1_77' title='bbox 1405 717 1630 780; x_wconf 84' lang='lat' dir='ltr'>temporis</span> <span class='ocrx_word' id='word_1_78' title='bbox 1655 733 1792 766; x_wconf 88' lang='lat' dir='ltr'>even-</span> 
     </span>
     <span class='ocr_line' id='line_1_10' title="bbox 253 783 1796 854; baseline -0.002 -18"><span class='ocrx_word' id='word_1_79' title='bbox 253 802 302 840; x_wconf 87' lang='lat' dir='ltr'>ta</span> <span class='ocrx_word' id='word_1_80' title='bbox 346 786 490 854; x_wconf 82' lang='lat' dir='ltr'>magis</span> <span class='ocrx_word' id='word_1_81' title='bbox 512 784 702 833; x_wconf 86' lang='lat' dir='ltr'>notata?</span> <span class='ocrx_word' id='word_1_82' title='bbox 727 785 879 833; x_wconf 89' lang='lat' dir='ltr'>Natus</span> <span class='ocrx_word' id='word_1_83' title='bbox 902 783 1003 833; x_wconf 85' lang='lat' dir='ltr'>orbi</span> <span class='ocrx_word' id='word_1_84' title='bbox 1037 783 1162 832; x_wconf 86' lang='lat' dir='ltr'>Pacis</span> <span class='ocrx_word' id='word_1_85' title='bbox 1188 783 1407 850; x_wconf 81' lang='lat' dir='ltr'>Princeps</span> <span class='ocrx_word' id='word_1_86' title='bbox 1424 819 1435 840; x_wconf 81' lang='grc'><em>,</em></span> <span class='ocrx_word' id='word_1_87' title='bbox 1464 785 1618 852; x_wconf 80' lang='lat' dir='ltr'>Magis</span> <span class='ocrx_word' id='word_1_88' title='bbox 1644 784 1796 833; x_wconf 85' lang='lat' dir='ltr'>orien-</span> 
     </span>
     <span class='ocr_line' id='line_1_11' title="bbox 255 849 1796 918; baseline -0.004 -12"><span class='ocrx_word' id='word_1_89' title='bbox 255 856 317 906; x_wconf 78' lang='lat' dir='ltr'>tis</span> <span class='ocrx_word' id='word_1_90' title='bbox 356 853 613 914; x_wconf 83' lang='lat' dir='ltr'>adoratus,</span> <span class='ocrx_word' id='word_1_91' title='bbox 655 849 708 901; x_wconf 84' lang='lat'>&amp;</span> <span class='ocrx_word' id='word_1_92' title='bbox 750 852 959 918; x_wconf 83' lang='lat' dir='ltr'>nunquid</span> <span class='ocrx_word' id='word_1_93' title='bbox 1002 851 1128 900; x_wconf 61' lang='lat' dir='ltr'>stella</span> <span class='ocrx_word' id='word_1_94' title='bbox 1171 851 1291 900; x_wconf 88' lang='lat' dir='ltr'>duce</span> <span class='ocrx_word' id='word_1_95' title='bbox 1325 852 1597 902; x_wconf 82' lang='lat' dir='ltr'>indicatus?</span> <span class='ocrx_word' id='word_1_96' title='bbox 1627 852 1753 918; x_wconf 80' lang='lat' dir='ltr'>Quid</span> <span class='ocrx_word' id='word_1_97' title='bbox 1781 886 1796 911; x_wconf 86' lang='lat'><em>,</em></span> 
     </span>
     <span class='ocr_line' id='line_1_12' title="bbox 256 913 1792 991; baseline -0.001 -19"><span class='ocrx_word' id='word_1_98' title='bbox 256 922 390 991; x_wconf 72' lang='lat' dir='ltr'>quod</span> <span class='ocrx_word' id='word_1_99' title='bbox 427 920 547 970; x_wconf 78' lang='lat' dir='ltr'>sidus</span> <span class='ocrx_word' id='word_1_100' title='bbox 576 920 699 968; x_wconf 87' lang='lat' dir='ltr'>idem</span> <span class='ocrx_word' id='word_1_101' title='bbox 726 920 959 987; x_wconf 84' lang='lat' dir='ltr'><strong>myriades</strong></span> <span class='ocrx_word' id='word_1_102' title='bbox 990 934 1072 985; x_wconf 83' lang='lat' dir='ltr'>per</span> <span class='ocrx_word' id='word_1_103' title='bbox 1098 918 1260 967; x_wconf 85' lang='lat' dir='ltr'>orbem</span> <span class='ocrx_word' id='word_1_104' title='bbox 1302 913 1482 978; x_wconf 81' lang='lat' dir='ltr'>tulerit,</span> <span class='ocrx_word' id='word_1_105' title='bbox 1511 938 1598 969; x_wconf 86' lang='lat' dir='ltr'>uec</span> <span class='ocrx_word' id='word_1_106' title='bbox 1635 935 1792 971; x_wconf 83' lang='lat' dir='ltr'>tamen</span> 
     </span>
    </p>
   </div>
   <div class='ocr_carea' id='block_1_3' title="bbox 252 986 1794 1058">
    <p class='ocr_par' dir='ltr' id='par_1_3' title="bbox 252 986 1794 1058">
     <span class='ocr_line' id='line_1_13' title="bbox 252 986 1794 1058; baseline -0.003 -17"><span class='ocrx_word' id='word_1_107' title='bbox 252 993 476 1049; x_wconf 79' lang='lat' dir='ltr'>virtutes,</span> <span class='ocrx_word' id='word_1_108' title='bbox 501 1002 579 1038; x_wconf 85' lang='lat' dir='ltr'>aut</span> <span class='ocrx_word' id='word_1_109' title='bbox 608 988 719 1037; x_wconf 88' lang='lat' dir='ltr'>vitia</span> <span class='ocrx_word' id='word_1_110' title='bbox 742 987 929 1057; x_wconf 75' lang='lat' dir='ltr'>singulis</span> <span class='ocrx_word' id='word_1_111' title='bbox 949 1027 960 1050; x_wconf 87' lang='lat'>‚</span> <span class='ocrx_word' id='word_1_112' title='bbox 983 1005 1069 1038; x_wconf 86' lang='lat' dir='ltr'>nec</span> <span class='ocrx_word' id='word_1_113' title='bbox 1095 1004 1222 1036; x_wconf 83' lang='lat' dir='ltr'>mors</span> <span class='ocrx_word' id='word_1_114' title='bbox 1251 1005 1338 1038; x_wconf 85' lang='lat' dir='ltr'>una</span> <span class='ocrx_word' id='word_1_115' title='bbox 1379 988 1614 1058; x_wconf 83' lang='lat' dir='ltr'>obtigerit.</span> <span class='ocrx_word' id='word_1_116' title='bbox 1701 986 1794 1037; x_wconf 71' lang='lat' dir='ltr'>RoL</span> 
     </span>
    </p>
   </div>
   <div class='ocr_carea' id='block_1_4' title="bbox 249 1054 1832 1121">
    <p class='ocr_par' dir='ltr' id='par_1_4' title="bbox 249 1054 1832 1121">
     <span class='ocr_line' id='line_1_14' title="bbox 249 1054 1832 1121; baseline -0.003 -12"><span class='ocrx_word' id='word_1_117' title='bbox 249 1060 441 1121; x_wconf 81' lang='lat' dir='ltr'>mulus,</span> <span class='ocrx_word' id='word_1_118' title='bbox 483 1057 534 1107; x_wconf 84' lang='lat'>&amp;</span> <span class='ocrx_word' id='word_1_119' title='bbox 564 1059 737 1108; x_wconf 84' lang='lat' dir='ltr'>Remus</span> <span class='ocrx_word' id='word_1_120' title='bbox 773 1057 907 1107; x_wconf 87' lang='lat' dir='ltr'>testes</span> <span class='ocrx_word' id='word_1_121' title='bbox 943 1056 1049 1117; x_wconf 77' lang='lat' dir='ltr'>lint,</span> <span class='ocrx_word' id='word_1_122' title='bbox 1089 1057 1183 1121; x_wconf 87' lang='lat' dir='ltr'>pari</span> <span class='ocrx_word' id='word_1_123' title='bbox 1222 1057 1319 1105; x_wconf 82' lang='lat' dir='ltr'>nati</span> <span class='ocrx_word' id='word_1_124' title='bbox 1351 1054 1496 1106; x_wconf 81' lang='lat' dir='ltr'>fidere</span> <span class='ocrx_word' id='word_1_125' title='bbox 1524 1093 1534 1115; x_wconf 91' lang='lat'>,</span> <span class='ocrx_word' id='word_1_126' title='bbox 1575 1055 1794 1106; x_wconf 81' lang='lat' dir='ltr'>fundator</span> <span class='ocrx_word' id='word_1_127' title='bbox 1827 1069 1832 1081; x_wconf 73' lang='lat'>¹</span> 
     </span>
    </p>
   </div>
   <div class='ocr_carea' id='block_1_5' title="bbox 252 1122 1829 1193">
    <p class='ocr_par' dir='ltr' id='par_1_5' title="bbox 252 1122 1829 1193">
     <span class='ocr_line' id='line_1_15' title="bbox 252 1122 1829 1193; baseline -0.001 -14"><span class='ocrx_word' id='word_1_128' title='bbox 252 1131 365 1180; x_wconf 79' lang='lat' dir='ltr'>alter</span> <span class='ocrx_word' id='word_1_129' title='bbox 390 1126 618 1187; x_wconf 86' lang='lat' dir='ltr'>Romani,</span> <span class='ocrx_word' id='word_1_130' title='bbox 646 1128 757 1174; x_wconf 81' lang='lat' dir='ltr'>alter</span> <span class='ocrx_word' id='word_1_131' title='bbox 791 1126 996 1189; x_wconf 72' lang='lat' dir='ltr'>ejusdem</span> <span class='ocrx_word' id='word_1_132' title='bbox 1023 1122 1255 1193; x_wconf 86' lang='lat' dir='ltr'>sanguinis</span> <span class='ocrx_word' id='word_1_133' title='bbox 1280 1124 1529 1189; x_wconf 80' lang='lat' dir='ltr'>parricida.</span> <span class='ocrx_word' id='word_1_134' title='bbox 1599 1125 1788 1175; x_wconf 85' lang='lat' dir='ltr'>Defecit</span> <span class='ocrx_word' id='word_1_135' title='bbox 1824 1163 1829 1177; x_wconf 93' lang='lat'>.-</span> 
     </span>
    </p>
   </div>
   <div class='ocr_carea' id='block_1_6' title="bbox 250 1191 1829 1260">
    <p class='ocr_par' dir='ltr' id='par_1_6' title="bbox 250 1191 1829 1260">
     <span class='ocr_line' id='line_1_16' title="bbox 250 1191 1829 1260; baseline -0.005 -12"><span class='ocrx_word' id='word_1_136' title='bbox 250 1198 389 1256; x_wconf 88' lang='lat' dir='ltr'>luua,</span> <span class='ocrx_word' id='word_1_137' title='bbox 411 1195 533 1245; x_wconf 85' lang='lat' dir='ltr'>fulsit</span> <span class='ocrx_word' id='word_1_138' title='bbox 553 1195 795 1255; x_wconf 83' lang='lat' dir='ltr'>columna,</span> <span class='ocrx_word' id='word_1_139' title='bbox 832 1194 907 1243; x_wconf 81' lang='lat' dir='ltr'>fax</span> <span class='ocrx_word' id='word_1_140' title='bbox 928 1194 1085 1260; x_wconf 82' lang='lat' dir='ltr'>ignea,</span> <span class='ocrx_word' id='word_1_141' title='bbox 1103 1206 1179 1241; x_wconf 88' lang='lat' dir='ltr'>aut</span> <span class='ocrx_word' id='word_1_142' title='bbox 1198 1191 1443 1259; x_wconf 83' lang='lat' dir='ltr'>sanguinea</span> <span class='ocrx_word' id='word_1_143' title='bbox 1469 1211 1549 1258; x_wconf 83' lang='lat' dir='ltr'>per</span> <span class='ocrx_word' id='word_1_144' title='bbox 1576 1210 1792 1259; x_wconf 84' lang='lat' dir='ltr'>campum</span> <span class='ocrx_word' id='word_1_145' title='bbox 1824 1216 1829 1251; x_wconf 75' lang='lat' dir='ltr'>j</span> 
     </span>
    </p>
   </div>
   <div class='ocr_carea' id='block_1_7' title="bbox 254 1260 1828 1322">
    <p class='ocr_par' dir='ltr' id='par_1_7' title="bbox 254 1260 1828 1322">
     <span class='ocr_line' id='line_1_17' title="bbox 254 1260 1828 1322; baseline -0.004 -5"><span class='ocrx_word' id='word_1_146' title='bbox 254 1265 370 1317; x_wconf 75' lang='lat' dir='ltr'>visa:</span> <span class='ocrx_word' id='word_1_147' title='bbox 403 1267 520 1314; x_wconf 67' lang='lat' dir='ltr'>anne</span> <span class='ocrx_word' id='word_1_148' title='bbox 545 1262 729 1311; x_wconf 84' lang='lat' dir='ltr'>idcirco</span> <span class='ocrx_word' id='word_1_149' title='bbox 762 1277 868 1311; x_wconf 88' lang='lat' dir='ltr'>cum</span> <span class='ocrx_word' id='word_1_150' title='bbox 900 1261 1028 1310; x_wconf 86' lang='lat' dir='ltr'>Nitia</span> <span class='ocrx_word' id='word_1_151' title='bbox 1061 1260 1345 1311; x_wconf 82' lang='lat' dir='ltr'>Athenarum</span> <span class='ocrx_word' id='word_1_152' title='bbox 1367 1265 1504 1311; x_wconf 85' lang='lat' dir='ltr'>Duce</span> <span class='ocrx_word' id='word_1_153' title='bbox 1529 1262 1691 1311; x_wconf 78' lang='lat' dir='ltr'>bellica</span> <span class='ocrx_word' id='word_1_154' title='bbox 1713 1260 1786 1310; x_wconf 84' lang='lat' dir='ltr'>su-</span> <span class='ocrx_word' id='word_1_155' title='bbox 1824 1302 1828 1322; x_wconf 26' lang='grc'>,-</span> 
     </span>
    </p>
   </div>
   <div class='ocr_carea' id='block_1_8' title="bbox 250 1328 1791 1400">
    <p class='ocr_par' dir='ltr' id='par_1_8' title="bbox 250 1328 1791 1400">
     <span class='ocr_line' id='line_1_18' title="bbox 250 1328 1791 1400; baseline -0.004 -15"><span class='ocrx_word' id='word_1_156' title='bbox 250 1331 523 1400; x_wconf 87' lang='lat' dir='ltr'>spendenda</span> <span class='ocrx_word' id='word_1_157' title='bbox 552 1330 605 1379; x_wconf 83' lang='lat' dir='ltr'>fit</span> <span class='ocrx_word' id='word_1_158' title='bbox 637 1330 795 1379; x_wconf 62' lang='lat' dir='ltr'>actio?</span> <span class='ocrx_word' id='word_1_159' title='bbox 822 1330 1000 1379; x_wconf 85' lang='lat' dir='ltr'>Ide6ne</span> <span class='ocrx_word' id='word_1_160' title='bbox 1022 1329 1207 1377; x_wconf 81' lang='lat' dir='ltr'>exitium</span> <span class='ocrx_word' id='word_1_161' title='bbox 1242 1346 1348 1379; x_wconf 86' lang='lat' dir='ltr'>cum</span> <span class='ocrx_word' id='word_1_162' title='bbox 1368 1328 1567 1392; x_wconf 83' lang='lat' dir='ltr'>Coclite,</span> <span class='ocrx_word' id='word_1_163' title='bbox 1589 1345 1664 1379; x_wconf 83' lang='lat' dir='ltr'>aut</span> <span class='ocrx_word' id='word_1_164' title='bbox 1685 1347 1791 1379; x_wconf 87' lang='lat' dir='ltr'>cum</span> 
     </span>
    </p>
   </div>
   <div class='ocr_carea' id='block_1_9' title="bbox 250 1395 1825 1811">
    <p class='ocr_par' dir='ltr' id='par_1_9' title="bbox 250 1395 1825 1811">
     <span class='ocr_line' id='line_1_19' title="bbox 251 1395 1824 1466; baseline -0.004 -13"><span class='ocrx_word' id='word_1_165' title='bbox 251 1400 542 1466; x_wconf 76' lang='lat' dir='ltr'>aruspicibus</span> <span class='ocrx_word' id='word_1_166' title='bbox 564 1398 814 1465; x_wconf 84' lang='lat' dir='ltr'>pulvinaria</span> <span class='ocrx_word' id='word_1_167' title='bbox 841 1401 1057 1448; x_wconf 86' lang='lat' dir='ltr'>Deorum</span> <span class='ocrx_word' id='word_1_168' title='bbox 1083 1395 1296 1446; x_wconf 80' lang='lat' dir='ltr'>visenda?</span> <span class='ocrx_word' id='word_1_169' title='bbox 1327 1402 1493 1464; x_wconf 82' lang='lat' dir='ltr'>Apage</span> <span class='ocrx_word' id='word_1_170' title='bbox 1531 1400 1790 1457; x_wconf 85' lang='lat' dir='ltr'>lunaticos,</span> <span class='ocrx_word' id='word_1_171' title='bbox 1820 1423 1824 1431; x_wconf 76' lang='lat'><em>=</em></span> 
     </span>
     <span class='ocr_line' id='line_1_20' title="bbox 251 1465 1824 1539; baseline -0.002 -20"><span class='ocrx_word' id='word_1_172' title='bbox 251 1472 333 1539; x_wconf 89' lang='lat' dir='ltr'>qui</span> <span class='ocrx_word' id='word_1_173' title='bbox 355 1471 488 1539; x_wconf 86' lang='lat' dir='ltr'>ignes</span> <span class='ocrx_word' id='word_1_174' title='bbox 511 1467 597 1517; x_wconf 87' lang='lat' dir='ltr'>hos</span> <span class='ocrx_word' id='word_1_175' title='bbox 622 1480 842 1531; x_wconf 83' lang='lat' dir='ltr'>paveant,</span> <span class='ocrx_word' id='word_1_176' title='bbox 882 1466 934 1516; x_wconf 85' lang='lat'>&amp;</span> <span class='ocrx_word' id='word_1_177' title='bbox 959 1465 1167 1524; x_wconf 86' lang='lat' dir='ltr'>umbras,</span> <span class='ocrx_word' id='word_1_178' title='bbox 1196 1483 1306 1531; x_wconf 82' lang='lat' dir='ltr'>quas</span> <span class='ocrx_word' id='word_1_179' title='bbox 1332 1481 1494 1517; x_wconf 84' lang='lat' dir='ltr'>natura</span> <span class='ocrx_word' id='word_1_180' title='bbox 1514 1469 1792 1533; x_wconf 84' lang='lat' dir='ltr'>genuit‚na-</span> <span class='ocrx_word' id='word_1_181' title='bbox 1820 1472 1824 1476; x_wconf 86' lang='grc'><em>’</em></span> 
     </span>
     <span class='ocr_line' id='line_1_21' title="bbox 253 1532 1825 1602; baseline -0.004 -13"><span class='ocrx_word' id='word_1_182' title='bbox 253 1554 356 1590; x_wconf 87' lang='lat' dir='ltr'>tura</span> <span class='ocrx_word' id='word_1_183' title='bbox 378 1536 510 1588; x_wconf 85' lang='lat' dir='ltr'>cursu</span> <span class='ocrx_word' id='word_1_184' title='bbox 533 1536 618 1584; x_wconf 80' lang='lat' dir='ltr'>suo</span> <span class='ocrx_word' id='word_1_185' title='bbox 647 1535 872 1586; x_wconf 74' lang='lat' dir='ltr'>conficiet.</span> <span class='ocrx_word' id='word_1_186' title='bbox 941 1536 1194 1598; x_wconf 80' lang='lat' dir='ltr'>Nunquam</span> <span class='ocrx_word' id='word_1_187' title='bbox 1216 1532 1365 1585; x_wconf 87' lang='lat' dir='ltr'>sentes</span> <span class='ocrx_word' id='word_1_188' title='bbox 1384 1552 1492 1585; x_wconf 83' lang='lat' dir='ltr'>uvas</span> <span class='ocrx_word' id='word_1_189' title='bbox 1511 1535 1792 1602; x_wconf 83' lang='lat' dir='ltr'>germinant,</span> <span class='ocrx_word' id='word_1_190' title='bbox 1823 1560 1825 1562; x_wconf 30' lang='lat' dir='ltr'>v</span> 
     </span>
     <span class='ocr_line' id='line_1_22' title="bbox 251 1601 1824 1672; baseline -0.002 -18"><span class='ocrx_word' id='word_1_191' title='bbox 251 1623 491 1672; x_wconf 79' lang='lat' dir='ltr'>nunquam</span> <span class='ocrx_word' id='word_1_192' title='bbox 526 1603 740 1654; x_wconf 75' lang='lat' dir='ltr'>fortuitus</span> <span class='ocrx_word' id='word_1_193' title='bbox 770 1617 940 1653; x_wconf 82' lang='lat' dir='ltr'>uaturae</span> <span class='ocrx_word' id='word_1_194' title='bbox 967 1601 1044 1652; x_wconf 86' lang='lat' dir='ltr'>seu</span> <span class='ocrx_word' id='word_1_195' title='bbox 1079 1603 1307 1662; x_wconf 83' lang='lat' dir='ltr'>ludentis,</span> <span class='ocrx_word' id='word_1_196' title='bbox 1338 1602 1415 1653; x_wconf 89' lang='lat' dir='ltr'>seu</span> <span class='ocrx_word' id='word_1_197' title='bbox 1444 1605 1677 1669; x_wconf 83' lang='lat' dir='ltr'>peccantis</span> <span class='ocrx_word' id='word_1_198' title='bbox 1692 1620 1792 1652; x_wconf 77' lang='lat' dir='ltr'>cut·</span> <span class='ocrx_word' id='word_1_199' title='bbox 1821 1640 1824 1645; x_wconf 70' lang='lat'>‚</span> 
     </span>
     <span class='ocr_line' id='line_1_23' title="bbox 250 1668 1823 1742; baseline -0.004 -16"><span class='ocrx_word' id='word_1_200' title='bbox 250 1674 329 1727; x_wconf 90' lang='lat' dir='ltr'>sus</span> <span class='ocrx_word' id='word_1_201' title='bbox 376 1675 555 1742; x_wconf 76' lang='lat' dir='ltr'>{ignare</span> <span class='ocrx_word' id='word_1_202' title='bbox 588 1672 744 1737; x_wconf 89' lang='lat' dir='ltr'>potest</span> <span class='ocrx_word' id='word_1_203' title='bbox 779 1686 1030 1721; x_wconf 83' lang='lat' dir='ltr'>eventuum</span> <span class='ocrx_word' id='word_1_204' title='bbox 1075 1668 1250 1720; x_wconf 87' lang='lat' dir='ltr'>seriem.</span> <span class='ocrx_word' id='word_1_205' title='bbox 1336 1675 1616 1722; x_wconf 79' lang='lat' dir='ltr'>Dominatur</span> <span class='ocrx_word' id='word_1_206' title='bbox 1654 1671 1823 1737; x_wconf 71' lang='lat' dir='ltr'>liber·v</span> 
     </span>
     <span class='ocr_line' id='line_1_24' title="bbox 250 1739 1822 1811; baseline -0.004 -17"><span class='ocrx_word' id='word_1_207' title='bbox 250 1758 349 1803; x_wconf 78' lang='lat' dir='ltr'>tas3</span> <span class='ocrx_word' id='word_1_208' title='bbox 373 1762 467 1794; x_wconf 90' lang='lat' dir='ltr'>non</span> <span class='ocrx_word' id='word_1_209' title='bbox 497 1740 642 1791; x_wconf 84' lang='lat' dir='ltr'>servit.</span> <span class='ocrx_word' id='word_1_210' title='bbox 720 1740 834 1811; x_wconf 72' lang='lat' dir='ltr'>Quis</span> <span class='ocrx_word' id='word_1_211' title='bbox 864 1739 1075 1789; x_wconf 87' lang='lat' dir='ltr'>ancillam</span> <span class='ocrx_word' id='word_1_212' title='bbox 1101 1756 1197 1787; x_wconf 87' lang='lat' dir='ltr'>uon</span> <span class='ocrx_word' id='word_1_213' title='bbox 1230 1740 1381 1798; x_wconf 86' lang='lat' dir='ltr'>dicat,</span> <span class='ocrx_word' id='word_1_214' title='bbox 1413 1740 1446 1789; x_wconf 89' lang='lat' dir='ltr'>fi</span> <span class='ocrx_word' id='word_1_215' title='bbox 1469 1740 1594 1804; x_wconf 77' lang='lat' dir='ltr'>quod</span> <span class='ocrx_word' id='word_1_216' title='bbox 1616 1740 1792 1789; x_wconf 76' lang='lat' dir='ltr'>micans</span> <span class='ocrx_word' id='word_1_217' title='bbox 1819 1776 1822 1801; x_wconf 77' lang='lat' dir='ltr'>r</span> 
     </span>
    </p>
   </div>
   <div class='ocr_carea' id='block_1_10' title="bbox 253 1806 1791 1877">
    <p class='ocr_par' dir='ltr' id='par_1_10' title="bbox 253 1806 1791 1877">
     <span class='ocr_line' id='line_1_25' title="bbox 253 1806 1791 1877; baseline -0.006 -14"><span class='ocrx_word' id='word_1_218' title='bbox 253 1813 400 1863; x_wconf 84' lang='lat' dir='ltr'>Coelo</span> <span class='ocrx_word' id='word_1_219' title='bbox 432 1810 581 1869; x_wconf 77' lang='lat' dir='ltr'>sidus,</span> <span class='ocrx_word' id='word_1_220' title='bbox 607 1810 808 1877; x_wconf 87' lang='lat' dir='ltr'>depluus</span> <span class='ocrx_word' id='word_1_221' title='bbox 834 1808 976 1859; x_wconf 82' lang='lat' dir='ltr'>Coelo</span> <span class='ocrx_word' id='word_1_222' title='bbox 1009 1806 1224 1873; x_wconf 82' lang='lat' dir='ltr'>sanguis,</span> <span class='ocrx_word' id='word_1_223' title='bbox 1274 1808 1422 1858; x_wconf 78' lang='lat' dir='ltr'>imber</span> <span class='ocrx_word' id='word_1_224' title='bbox 1458 1809 1612 1857; x_wconf 70' lang='lat' dir='ltr'>saxeus</span> <span class='ocrx_word' id='word_1_225' title='bbox 1645 1807 1791 1855; x_wconf 85' lang='lat' dir='ltr'>fatum</span> 
     </span>
    </p>
   </div>
   <div class='ocr_carea' id='block_1_11' title="bbox 250 1873 1832 2079">
    <p class='ocr_par' dir='ltr' id='par_1_11' title="bbox 250 1873 1832 2079">
     <span class='ocr_line' id='line_1_26' title="bbox 250 1873 1795 1943; baseline -0.005 -11"><span class='ocrx_word' id='word_1_226' title='bbox 250 1880 352 1933; x_wconf 86' lang='lat' dir='ltr'>orbi</span> <span class='ocrx_word' id='word_1_227' title='bbox 382 1881 660 1942; x_wconf 85' lang='lat' dir='ltr'>denunciat,</span> <span class='ocrx_word' id='word_1_228' title='bbox 684 1875 934 1929; x_wconf 88' lang='lat' dir='ltr'>inevitabili</span> <span class='ocrx_word' id='word_1_229' title='bbox 952 1875 1215 1927; x_wconf 74' lang='lat' dir='ltr'>necestitate</span> <span class='ocrx_word' id='word_1_230' title='bbox 1240 1873 1494 1943; x_wconf 81' lang='lat' dir='ltr'>sequatur?</span> <span class='ocrx_word' id='word_1_231' title='bbox 1515 1877 1605 1941; x_wconf 72' lang='lat' dir='ltr'>Nae</span> <span class='ocrx_word' id='word_1_232' title='bbox 1637 1889 1688 1924; x_wconf 86' lang='lat' dir='ltr'>tu</span> <span class='ocrx_word' id='word_1_233' title='bbox 1711 1875 1795 1924; x_wconf 84' lang='lat' dir='ltr'>mi·</span> 
     </span>
     <span class='ocr_line' id='line_1_27' title="bbox 390 1941 1832 2009; baseline -0.006 -9"><span class='ocrx_word' id='word_1_234' title='bbox 390 1947 438 2000; x_wconf 87' lang='lat' dir='ltr'>hi</span> <span class='ocrx_word' id='word_1_235' title='bbox 471 1948 652 2000; x_wconf 87' lang='lat' dir='ltr'>nomini</span> <span class='ocrx_word' id='word_1_236' title='bbox 689 1961 766 1998; x_wconf 90' lang='lat' dir='ltr'>aut</span> <span class='ocrx_word' id='word_1_237' title='bbox 801 1945 833 1994; x_wconf 84' lang='lat' dir='ltr'>fi</span> <span class='ocrx_word' id='word_1_238' title='bbox 871 1946 940 1994; x_wconf 88' lang='lat' dir='ltr'>nis</span> <span class='ocrx_word' id='word_1_239' title='bbox 971 1946 1078 2009; x_wconf 83' lang='lat' dir='ltr'>pius</span> <span class='ocrx_word' id='word_1_240' title='bbox 1098 1978 1113 2005; x_wconf 89' lang='lat'><strong>‚</strong></span> <span class='ocrx_word' id='word_1_241' title='bbox 1154 1943 1426 1995; x_wconf 75' lang='lat' dir='ltr'>libertati&amp;</span> <span class='ocrx_word' id='word_1_242' title='bbox 1455 1944 1660 1996; x_wconf 88' lang='lat' dir='ltr'>Numini</span> <span class='ocrx_word' id='word_1_243' title='bbox 1814 1941 1832 1950; x_wconf 56' lang='lat'>&#39;⁴</span> 
     </span>
     <span class='ocr_line' id='line_1_28' title="bbox 828 1962 1209 2079; baseline -0.005 -15"><span class='ocrx_word' id='word_1_244' title='bbox 828 1962 910 2064; x_wconf 56' lang='grc' dir='ltr'>ἕεις</span> <span class='ocrx_word' id='word_1_245' title='bbox 943 2011 1209 2079; x_wconf 71' lang='lat' dir='ltr'>sacrilegus.</span> 
     </span>
    </p>
   </div>
   <div class='ocr_carea' id='block_1_12' title="bbox 585 2149 1469 2477">
    <p class='ocr_par' dir='ltr' id='par_1_12' title="bbox 585 2149 1469 2477">
     <span class='ocr_line' id='line_1_29' title="bbox 585 2149 1469 2477; baseline 0 674"><span class='ocrx_word' id='word_1_246' title='bbox 585 2149 1469 2477; x_wconf 95' lang='lat' dir='ltr'> </span> 
     </span>
    </p>
   </div>
   <div class='ocr_carea' id='block_1_13' title="bbox 1544 2904 1711 2976">
    <p class='ocr_par' dir='ltr' id='par_1_13' title="bbox 1544 2904 1711 2976">
     <span class='ocr_line' id='line_1_30' title="bbox 1544 2904 1711 2976; baseline -0.006 -20"><span class='ocrx_word' id='word_1_247' title='bbox 1544 2910 1589 2976; x_wconf 57' lang='grc' dir='ltr'>ς.</span> <span class='ocrx_word' id='word_1_248' title='bbox 1620 2904 1711 2958; x_wconf 78' lang='grc' dir='ltr'>ῐιῐ.</span> 
     </span>
    </p>
   </div>
  </div>
 </body>
</html>
