1832 3151
563 116 1136 201 ξθὲ(ῡ)ἓ<ἐὲ
1453 138 1529 197 51

69 224 284 287 aunarii,
317 222 448 289 qnod
471 222 647 271 interea
674 222 852 283 tulerit,
888 223 961 271 vel
991 222 1190 288 patrarit.
1264 225 1357 273 Ars
1383 221 1473 287 est,
1510 241 1609 279 non

72 308 223 344 metus
251 293 361 359 fuga
395 289 651 352 ejusmodi,
685 294 775 354 qua
812 288 926 339 dum
955 288 998 337 se
1033 294 1176 352 curis,
1208 307 1259 339 ac
1291 295 1501 341 aerumnis
1527 297 1609 342 Pa«

76 364 173 410 tria:
203 359 369 417 servat,
401 357 646 407 commoda
679 357 885 420 ejusdem
910 373 1186 423 promovet,
1209 360 1460 407 moriturus
1477 362 1606 424 post-

70 429 252 478 liminio
279 427 449 482 totieS,
488 427 672 492 quoties
709 442 798 491 pro
825 426 990 476 eadem
1024 426 1310 476 luciandnm.
1380 429 1604 488 Monate,

66 498 99 547 si
127 511 210 544 tuo
245 495 295 544 in
336 495 508 544 vertice
543 492 734 541 felicitas
765 510 867 544 non
899 494 1016 544 vivat
1051 494 1267 561 publica,
1290 494 1322 543 fi
1350 493 1519 556 dolor,
1550 495 1607 548 ἃ

67 564 326 625 ignominia
369 562 510 611 cladis
550 560 791 610 aboleatur
824 561 1041 612 aeternum
1070 601 1082 624 ,
1123 561 1151 611 si
1188 564 1335 612 Patria
1368 562 1463 613 hoc
1499 564 1605 615 casu

68 620 340 695 triumphet.
411 636 474 680 At
503 629 615 679 dum
646 627 866 679 semineci
891 644 938 678 te
960 630 1208 680 anchoram
1230 628 1474 699 subtrahis²
1491 634 1604 698 quid

67 700 99 748 fi
129 699 274 748 hostis
303 699 478 762 juratus
508 696 561 746 sis
585 731 598 756 ,
633 715 741 764 agas
774 697 1012 762 amplius?
1049 699 1222 748 robore
1254 699 1477 759 Patriam,
1510 703 1602 766 pri-

65 784 171 817 vato
197 767 362 816 funere
387 765 620 832 publicam
647 767 850 815 cumulas
877 766 1193 817 calamitatem,
1281 766 1455 832 Stupor
1476 803 1488 827 ‚
1527 784 1609 820 aut

64 836 341 901 pertinacia,
369 852 467 884 non
497 834 848 900 magnanimitas
887 834 982 893 est,
1005 834 1062 882 ne
1081 833 1261 884 hostem
1291 834 1489 885 videaris
1509 856 1604 887 me-

64 902 220 961 tuisse,
243 902 465 952 secuturae
491 902 623 950 sortis
657 917 784 951 metu
813 901 978 970 fugere
1001 899 1216 955 sexcenta
1248 903 1366 955 mala
1398 907 1602 959 morien·

64 971 128 1022 do
161 972 344 1037 potius,
369 974 507 1038 quam
532 968 781 1037 fugiendo,

539 1108 957 1174 NEGATuR.

64 1247 302 1360 NEscit
338 1250 557 1318 generosa
580 1269 710 1302 mens
746 1253 826 1300 alia
855 1251 1039 1304 finisti-is
1064 1251 1237 1306 casibus
1262 1254 1451 1307 obviare
1492 1257 1602 1308 dex·

206 1321 300 1367 ter‘a*
316 1355 328 1378 ‚
354 1335 493 1385 atque
518 1325 605 1371 una
634 1320 991 1372 hfic'adamante
1019 1322 1162 1389 digna
1190 1325 1375 1391 regulaae
1399 1326 1508 1374 caedi
1523 1342 1600 1390 po-

63 1390 187 1450 tiits,
220 1387 352 1454 qucim
382 1390 458 1436 vel
483 1406 695 1457 unguem·
715 1390 884 1439 cedere.
999 1391 1068 1439 Ut
1100 1389 1322 1455 Spartana
1357 1392 1602 1459 quondam

64 1457 221 1505 Mater
247 1455 385 1505 heroi
421 1455 520 1505 filio
555 1459 778 1525 clypeum
815 1456 1005 1522 praebuit
1041 1475 1149 1507 cum
1187 1458 1351 1508 dic‘io:
1394 1477 1474 1509 aut
1506 1478 1603 1511 cum

65 1523 172 1586 hoc,
201 1540 282 1571 aut·
311 1527 361 1573 in
379 1523 474 1575 hoe.
542 1527 658 1576 Non
690 1525 779 1573 alio
818 1527 948 1575 vultu
974 1525 1219 1592 dignatura
1249 1524 1396 1577 filium
1416 1568 1428 1592 ,
1465 1532 1606 1594 quam

62 1589 95 1640 fi
120 1591 435 1655 triumphator
481 1610 590 1642 cum
629 1597 832 1659 clypeo,
859 1608 936 1644 aut
968 1595 1017 1644 in
1047 1594 1220 1642 eodem
1255 1613 1343 1659 pro
1368 1598 1517 1648 Patria
1542 1600 1605 1647 vi-

62 1659 201 1709 &ima
226 1659 431 1710 redierit.
507 1663 605 1711 Stat
639 1679 811 1726 nempe
849 1664 977 1711 mori
1015 1664 1152 1711 malle
1184 1697 1196 1721 ‚
1239 1666 1378 1726 quam
1414 1665 1606 1716 herbam

63 1728 248 1779 cedere.
322 1729 600 1791 Vicloriam,
634 1745 772 1794 atque
801 1728 916 1777 adeo
946 1730 1147 1796 gloriam
1168 1728 1313 1780 nescit
1337 1766 1352 1791 ‚
1391 1733 1604 1798 quisquis

59 1794 199 1862 fugit.
269 1799 385 1846 Haec
414 1796 705 1848 fortitudinis
743 1796 931 1846 indoles
959 1797 1052 1860 est,
1077 1796 1297 1862 adversis,
1327 1799 1381 1848 tit
1402 1802 1605 1866 aquilam

61 1864 285 1927 fulmine,
322 1867 392 1915 n'il
429 1868 601 1915 terreri.
685 1866 860 1930 Neque
890 1867 1080 1916 vulnera
1112 1865 1274 1915 sentire
1308 1883 1496 1933 oportet
1522 1870 1601 1920 hee

59 1941 223 1994 roem,
251 1934 326 1981 cui
354 1934 458 1996 plus
491 1937 657 1984 mentis
692 1932 907 1998 semper,
940 1937 1083 1999 quam
1111 1933 1265 1985 sensas
1290 1951 1452 1987 natura
1489 1955 1603 1989 c0n=

63 2000 203 2048 ceffit.
276 2000 480 2050 Irritatur
501 2002 550 2050 in
576 2004 791 2051 aemulum
814 2003 913 2061 leo,
943 2002 1054 2051 dum
1084 2002 1301 2052 virtutem
1334 2003 1496 2067 sentit,
1528 2024 1599 2057 ce—

61 2066 134 2115 dit
154 2067 379 2133 ignavuS‚
408 2083 544 2133 atque
569 2069 686 2118 adeo
711 2069 942 2136 inglorius
959 2070 1259 2120 animantium
1279 2089 1406 2139 grex.
1463 2078 1605 2124 Tem-

65 2135 285 2199 pestatem
318 2151 509 2185 omnem
536 2154 668 2187 arena
703 2152 905 2202 coquat,
933 2137 1164 2191 mortibus
1198 2139 1394 2201 ludens,
1427 2143 1604 2193 consta-

65 2219 115 2251 re
150 2204 359 2270 pugilem
385 2219 574 2269 opottet
602 2203 687 2254 suo
706 2242 718 2264 ,
765 2206 880 2254 dum
907 2205 976 2268 se,
1008 2224 1063 2255 ac
1098 2204 1369 2274 sanguinem
1408 2208 1606 2262 circum=

62 2269 167 2320 fert.
239 2271 427 2321 Recessit
452 2275 605 2322 aemuli
637 2272 871 2324 insolescit
890 2272 1064 2335 hostis,
1095 2273 1306 2324 acerbior
1331 2276 1379 2326 in
1407 2277 1604 2343 damna,

65 2341 209 2402 quam
239 2341 343 2388 ante
369 2338 746 2408 sueritpraeceps
771 2342 820 2391 in
848 2343 1051 2392 vulnera.
1119 2342 1272 2392 Passus
1296 2345 1448 2396 omnis
1477 2346 1501 2393 ὲ
1523 2348 1606 2397 sta=

63 2406 177 2465 dio,
212 2409 370 2457 alienae
405 2409 570 2476 gradus
606 2409 804 2460 victoriae
841 2411 933 2473 est,
972 2409 1024 2459 (ἐζ
1055 2410 1295 2475 triumphi.
1390 2413 1570 2465 Colum
1593 2456 1608 2479 ‚

66 2472 120 2523 ἃ
149 2474 396 2524 foemineos
428 2477 559 2526 decet
586 2479 763 2528 animos
787 2478 897 2543 fuga
915 2512 928 2538 ,
961 2495 1060 2527 non
1087 2476 1346 2530 bellatores.
1413 2483 1608 2534 Auden·-

66 2556 136 2592 tes
161 2541 349 2593 fortuna
380 2545 518 2605 iuvat.
591 2545 885 2596 Tentandum
903 2585 915 2608 ,
953 2545 1083 2612 quod
1109 2543 1419 2610 insuperabile
1450 2551 1607 2601 crede«,

64 2609 146 2659 bas
171 2611 334 2673 initio,
369 2611 493 2661 cessit
520 2611 632 2678 saepe
654 2613 789 2678 super
814 2628 921 2664 vota
952 2631 1151 2680 qu‘aeque
1167 2614 1359 2666 felicius.
1432 2622 1495 2669 Se
1513 2619 1609 2685 ipsa*

0 2675 2 2690 ¹
66 2677 185 2742 saepe
216 2697 416 2729 numero
443 2682 592 2739 maior
618 2681 680 2731 est
707 2684 861 2731 virtus.
930 2683 1081 2732 Potest
1101 2718 1111 2738 ,
1131 2682 1245 2731 dum
1273 2685 1451 2734 audeat..
1493 2689 1610 2752 Opi-

70 2745 216 2796 nione
260 2752 433 2806 maiora
471 2749 518 2799 in
562 2748 606 2798 se
642 2749 815 2798 claudit
854 2747 1031 2798 animus
1076 2749 1263 2799 decora.
1332 2754 1523 2817 Pelion,
1559 2754 1610 2805 δε

0 2814 2 2840 ¹
76 2813 232 2866 Oss'am
270 2814 541 2883 supera-rent
579 2816 779 2869 sexcenti
811 2850 827 2876 ,
870 2816 901 2866 {i
946 2818 1133 2870 umbras
1187 2835 1286 2872 non
1327 2837 1607 2874 vererentur.

0 2880 3 2889 “
778 2889 826 2936 D
868 2902 891 2935 2
1425 2889 1543 2954 saepe
