1832 3151
543 100 682 186 effi}
730 106 761 180 (
807 100 928 181 0)
975 94 1127 180 3343—ss
1436 116 1507 174 25

59 224 230 276 gnum,
262 213 336 259 vel
369 225 561 274 parvum
577 244 590 267 ,
633 207 803 256 durum
825 207 897 255 vel
927 204 1073 252 molle
1091 237 1105 261 ,
1145 198 1195 249 ἃ
1219 214 1374 250 tamen
1401 202 1450 251 in
1475 201 1596 251 indi-

61 277 205 327 viduo
238 296 377 329 omne
402 277 465 328 est
495 276 694 335 durum,
725 289 803 324 aut
834 273 974 324 molle
999 307 1016 334 ,
1050 287 1242 336 parvum
1266 284 1340 318 aut
1356 287 1595 339 maguum.

154 413 822 502 (QJIAEIST?I()
917 407 1497 478 EUPPIltzA.

74 525 202 599 Uter
221 532 402 612 aptior
412 534 663 616 fortunoe
680 527 847 589 ludus
866 574 885 604 ,
917 521 1161 605 Nobilis,
1191 545 1266 586 an
1289 522 1552 612 Ignobilis
1567 523 1598 586 ,ἕ

558 665 602 724 Ρ
620 684 659 725 R
678 683 715 721 o
777 666 835 725 N
850 683 886 722 ο
902 681 934 720 Β
957 681 973 719 1
991 679 1027 719 L
1047 680 1088 721 1.

63 765 396 930 ADverlis
433 762 633 813 ferendis
656 782 741 814 nec
777 766 927 826 vires,
973 780 1059 812 nec
1097 764 1242 810 moles
1275 763 1490 827 corporis
1525 763 1595 812 in-

254 834 443 884 condita
473 834 677 891 tantum,
701 831 923 897 quantum
952 830 1093 880 rebus
1124 829 1339 879 humanis
1376 833 1523 893 major
1551 850 1596 881 a·

258 903 382 952 nima
410 901 601 950 confert.
674 904 789 949 Haec
817 899 1024 948 nobilem
1060 898 1261 948 obtinet.
1343 899 1594 949 Palladium

59 987 332 1036 magnarum
375 971 601 1018 mentium
635 968 808 1018 nobilis
843 966 937 1016 fere
969 968 1035 1018 est
1074 969 1237 1018 anima.
1332 970 1398 1016 Ut
1431 970 1596 1018 vulnus

59 1040 216 1102 altius,
254 1037 526 1101 majorisque
555 1038 778 1103 periculi,
811 1035 942 1100 quod
969 1050 1200 1095 mentem,
1224 1052 1321 1083 non
1349 1035 1462 1084 item
1493 1053 1595 1085 cor-

57 1123 148 1172 pus
175 1106 308 1163 ferit3
338 1106 396 1154 sic
418 1107 588 1153 certior
621 1102 798 1170 semper
818 1105 970 1152 laurea
1002 1103 1067 1152 est
1090 1103 1259 1164 menti,
1284 1105 1356 1152 cui
1393 1104 1482 1152 dos
1515 1122 1593 1154 na·

59 1177 189 1238 talis,
227 1171 308 1223 sub
344 1175 511 1240 jugum
537 1173 719 1222 mittere
755 1173 942 1237 lpiritus
965 1207 978 1229 ,
1028 1169 1079 1220 &
1116 1170 1315 1220 affectus.
1403 1174 1592 1222 Minora

11 1286 20 1297 x
56 1241 163 1293 sunt
183 1279 195 1301 ,
228 1259 327 1309 quae
359 1244 529 1309 vulgus
557 1256 715 1307 pavet,
749 1259 824 1301 ac,
861 1254 911 1289 ut
954 1238 1178 1289 Nobilem
1215 1238 1394 1290 feriant.
1490 1243 1593 1290 Ma-

59 1327 160 1378 gno
190 1325 322 1360 natus
354 1307 599 1376 sauguine:5
626 1327 726 1359 non
774 1308 861 1358 nisi
887 1307 1072 1374 magnis
1103 1308 1305 1357 aemulus.
1375 1309 1596 1358 Trahitur

66 1397 177 1430 cum
229 1379 450 1446 sanguine
492 1379 672 1440 virtus,
729 1376 959 1444 vefligalis
993 1377 1103 1426 loco
1145 1392 1225 1424 cos
1264 1376 1325 1426 est
1369 1378 1590 1442 procella.

55 1448 236 1499 Caelum
271 1446 484 1505 sedibus,
512 1461 632 1495 terra
660 1445 753 1495 suis
786 1443 999 1494 convulsa
1035 1444 1300 1494 cardinibus
1343 1447 1592 1509 palestram

53 1517 243 1576 statuat3
272 1514 398 1574 soi-S,
421 1516 567 1576 livor,
602 1516 702 1565 orci
736 1513 862 1562 furiae
895 1529 1038 1561 unum
1057 1514 1105 1563 in
1128 1527 1264 1577 caput
1287 1512 1589 1580 paciscantur

54 1583 249 1636 faedera:
287 1583 466 1633 Nobile
493 1582 571 1647 fit,
602 1582 891 1648 impavidum
927 1579 1090 1630 ferient
1117 1583 1268 1630 ruinae.
1343 1583 1466 1650 Qin
1489 1584 1593 1649 pul-

55 1653 221 1703 chrum
251 1652 484 1702 Samsonis
514 1654 732 1716 exemplo
767 1648 974 1699 censebit
997 1648 1213 1698 omnibus
1238 1651 1589 1718 cong1·edi‚hoc

57 1738 152 1771 uno
191 1722 384 1770 nomine
423 1719 664 1786 triumpho
704 1719 923 1786 dignior,
966 1717 1074 1782 quia
1107 1731 1179 1766 tot
1211 1735 1261 1767 ac
1289 1719 1424 1768 tantis
1454 1737 1591 1769 aemu-

50 1789 125 1838 lus
146 1826 154 1846 ‚
179 1789 276 1838 imo
306 1791 501 1855 Suppar.
572 1789 724 1838 Novit
750 1789 1011 1836 Nautarum
1046 1785 1316 1848 dexteritas,
1361 1788 1590 1840 contortis

52 1856 326 1908 rudentibus
346 1856 536 1911 adversis
569 1872 761 1923 quoque
786 1853 1105 1920 'syphonibus
1131 1854 1304 1904 medias
1336 1855 1455 1906 inter
1476 1874 1586 1922 pro-

50 1926 190 1976 cellas
225 1927 480 1989 provehere
511 1925 718 1986 carbasa,
746 1937 799 1973 ut
841 1921 1116 1990 obsequium
1163 1921 1241 1972 fiat
1282 1937 1408 1987 arte,
1453 1925 1587 1991 quod

52 2007 216 2044 natura
240 1997 378 2059 ponit
409 1996 716 2044 obstaculum.
803 1996 968 2042 Artem
1010 2010 1067 2042 an
1099 1990 1396 2057 compenset,
1431 2010 1490 2043 an
1519 1992 1593 2044 su·

53 2076 189 2126 peret
218 2075 377 2112 natura
410 2063 459 2113 in
480 2063 656 2122 nobili,
687 2078 856 2127 anceps
899 2059 1011 2110 esto.
1081 2059 1255 2108 Pharus
1281 2060 1342 2109 illi
1370 2061 1592 2115 luciantes

47 2129 168 2178 inter
204 2130 493 2196 tempestates
522 2149 574 2180 ac
596 2130 784 2181 fulmina
813 2145 904 2179 vox
937 2146 1049 2180 una:
1078 2127 1261 2178 Nobilis
1289 2145 1347 2180 es.
1419 2132 1586 2182 Pavore

49 2196 197 2248 nescit
224 2233 236 2257 ,
287 2216 424 2264 quem
461 2197 676 2251 nascendi
711 2197 922 2250 conditio
948 2195 1086 2263 super
1119 2199 1286 2266 vulgus
1331 2196 1582 2250 constituit.

52 2265 191 2333 Qtafi
223 2268 332 2317 vero
364 2267 554 2318 adversis
588 2274 736 2335 major
764 2266 816 2317 sit
845 2267 1021 2326 anima,
1057 2265 1188 2331 quod
1227 2265 1427 2316 humiles
1449 2265 1587 2335 super

51 2336 255 2401 myricas
284 2338 413 2385 lauro
450 2338 610 2387 aemula
634 2351 774 2402 caput
807 2335 1009 2385 nubibus
1038 2333 1216 2385 inferat.
1321 2333 1588 2388 Tributa'ria

48 2403 194 2454 nobili
218 2403 324 2452 sunt
347 2406 712 2472 magnanimitati
741 2403 989 2470 stipendia,
1019 2418 1192 2453 mortes
1214 2438 1226 2461 ,
1252 2401 1403 2464 faces,
1429 2404 1589 2455 discri-

52 2471 193 2521 mina.
262 2474 472 2523 Fulmina
502 2472 621 2524 faces
647 2474 714 2524 illi
743 2472 847 2523 sunt
882 2472 1070 2539 gloriae,
1104 2471 1269 2538 quibus
1309 2472 1412 2521 orbi
1442 2473 1583 2524 clare-

46 2536 141 2589 scat
165 2557 350 2590 nomen.
418 2545 485 2591 Ut
512 2542 746 2606 quondam
774 2539 938 2591 Caesari
961 2540 1097 2591 Ponti
1117 2540 1244 2589 furiae
1262 2576 1273 2596 ,
1303 2540 1410 2590 cum
1432 2557 1582 2595 nautae

49 2607 268 2658 trementi
316 2608 498 2659 animos
540 2610 760 2670 adderet3
801 2610 935 2678 Qid
967 2612 1140 2659 tianes?
1187 2606 1399 2672 Caefizrem
1432 2604 1574 2660 ochis.

49 2677 183 2726 Adeo
217 2676 351 2745 vigor
380 2675 584 2730 excelsus
618 2676 670 2727 ἃ
696 2678 883 2729 indoles
917 2677 1105 2745 stirpem
1144 2676 1239 2726 fere
1270 2676 1578 2743 consequitur.

47 2744 271 2794 Tremant
295 2746 355 2796 ad
393 2748 540 2798 minas
579 2745 804 2808 turbinis,
839 2746 897 2797 ad
934 2747 1249 2812 procellarum
1272 2746 1455 2796 umbras
1489 2747 1577 2798 im..

47 2807 214 2878 belleS,
245 2809 349 2868 sors
380 2815 467 2868 alia
496 2814 688 2882 nobilis,
756 2819 923 2868 Fortes
959 2818 1162 2884 uimque
1195 2814 1577 2932 creanturbforti·

752 2887 790 2938 B
825 2897 859 2953 5
1435 2901 1502 2936 us.
