<?xml version="1.0" encoding="UTF-8"?>
<!DOCTYPE html PUBLIC "-//W3C//DTD XHTML 1.0 Transitional//EN"
    "http://www.w3.org/TR/xhtml1/DTD/xhtml1-transitional.dtd">
<html xmlns="http://www.w3.org/1999/xhtml" xml:lang="en" lang="en">
 <head>
  <title>
</title>
<meta http-equiv="Content-Type" content="text/html;charset=utf-8" />
  <meta name='ocr-system' content='tesseract 3.04.00' />
  <meta name='ocr-capabilities' content='ocr_page ocr_carea ocr_par ocr_line ocrx_word'/>
</head>
<body>
  <div class='ocr_page' id='page_1' title='image "./ideasapientisthe00vano_0073.png"; bbox 0 0 1832 3151; ppageno 0'>
   <div class='ocr_carea' id='block_1_1' title="bbox 519 91 1484 178">
    <p class='ocr_par' dir='ltr' id='par_1_1' title="bbox 519 91 1484 178">
     <span class='ocr_line' id='line_1_1' title="bbox 519 91 1484 178; baseline -0.004 0"><span class='ocrx_word' id='word_1_1' title='bbox 519 91 1095 178; x_wconf 44' lang='grc' dir='ltr'>ξὲἒὲωῆἓέἐὲ</span> <span class='ocrx_word' id='word_1_2' title='bbox 1408 112 1484 174; x_wconf 86' lang='lat'>59</span> 
     </span>
    </p>
   </div>
   <div class='ocr_carea' id='block_1_2' title="bbox 0 197 1635 2926">
    <p class='ocr_par' dir='ltr' id='par_1_2' title="bbox 25 197 1568 470">
     <span class='ocr_line' id='line_1_2' title="bbox 25 197 1567 268; baseline -0.003 -18"><span class='ocrx_word' id='word_1_3' title='bbox 25 198 199 251; x_wconf 81' lang='lat' dir='ltr'>micum</span> <span class='ocrx_word' id='word_1_4' title='bbox 234 199 384 253; x_wconf 81' lang='lat' dir='ltr'>causae.</span> <span class='ocrx_word' id='word_1_5' title='bbox 489 201 701 268; x_wconf 76' lang='lat' dir='ltr'>Qinta:</span> <span class='ocrx_word' id='word_1_6' title='bbox 740 200 785 251; x_wconf 87' lang='lat' dir='ltr'>Si</span> <span class='ocrx_word' id='word_1_7' title='bbox 831 202 1004 250; x_wconf 88' lang='lat' dir='ltr'>amicus</span> <span class='ocrx_word' id='word_1_8' title='bbox 1046 199 1346 266; x_wconf 80' lang='lat' dir='ltr'>depravetur,</span> <span class='ocrx_word' id='word_1_9' title='bbox 1388 197 1423 250; x_wconf 85' lang='lat' dir='ltr'><strong>fi</strong></span> <span class='ocrx_word' id='word_1_10' title='bbox 1465 197 1567 264; x_wconf 88' lang='lat' dir='ltr'>spes</span> 
     </span>
     <span class='ocr_line' id='line_1_3' title="bbox 25 266 1568 330; baseline -0.003 -12"><span class='ocrx_word' id='word_1_11' title='bbox 25 269 200 319; x_wconf 70' lang='lat' dir='ltr'>fru‘cffis</span> <span class='ocrx_word' id='word_1_12' title='bbox 222 270 303 330; x_wconf 85' lang='lat' dir='ltr'>fit,</span> <span class='ocrx_word' id='word_1_13' title='bbox 345 269 640 326; x_wconf 85' lang='lat' dir='ltr'>e&#39;mendetur3</span> <span class='ocrx_word' id='word_1_14' title='bbox 665 266 729 317; x_wconf 88' lang='lat' dir='ltr'>fin</span> <span class='ocrx_word' id='word_1_15' title='bbox 769 269 947 330; x_wconf 76' lang='lat' dir='ltr'>minus,</span> <span class='ocrx_word' id='word_1_16' title='bbox 982 269 1179 318; x_wconf 85' lang='lat' dir='ltr'>amicitia</span> <span class='ocrx_word' id='word_1_17' title='bbox 1215 269 1417 317; x_wconf 79' lang='lat' dir='ltr'>tollatur.</span> <span class='ocrx_word' id='word_1_18' title='bbox 1458 266 1568 315; x_wconf 73' lang='lat' dir='ltr'>Sex·</span> 
     </span>
     <span class='ocr_line' id='line_1_4' title="bbox 26 334 1567 405; baseline -0.001 -21"><span class='ocrx_word' id='word_1_19' title='bbox 26 353 108 387; x_wconf 81' lang='lat' dir='ltr'>ta:</span> <span class='ocrx_word' id='word_1_20' title='bbox 152 342 246 388; x_wconf 89' lang='lat' dir='ltr'>Eos</span> <span class='ocrx_word' id='word_1_21' title='bbox 288 336 487 387; x_wconf 72' lang='lat' dir='ltr'>maxime</span> <span class='ocrx_word' id='word_1_22' title='bbox 515 336 767 395; x_wconf 88' lang='lat' dir='ltr'>detestare,</span> <span class='ocrx_word' id='word_1_23' title='bbox 796 338 872 402; x_wconf 83' lang='lat' dir='ltr'>qui</span> <span class='ocrx_word' id='word_1_24' title='bbox 908 334 953 386; x_wconf 90' lang='lat' dir='ltr'>se</span> <span class='ocrx_word' id='word_1_25' title='bbox 977 353 1130 385; x_wconf 85' lang='lat' dir='ltr'>amare</span> <span class='ocrx_word' id='word_1_26' title='bbox 1178 334 1361 405; x_wconf 78' lang='lat' dir='ltr'>fingunt</span> <span class='ocrx_word' id='word_1_27' title='bbox 1386 335 1567 386; x_wconf 88' lang='lat' dir='ltr'>virtutis</span> 
     </span>
     <span class='ocr_line' id='line_1_5' title="bbox 28 402 1564 470; baseline -0.001 -17"><span class='ocrx_word' id='word_1_28' title='bbox 28 403 173 455; x_wconf 87' lang='lat' dir='ltr'>solius</span> <span class='ocrx_word' id='word_1_29' title='bbox 194 445 205 467; x_wconf 81' lang='lat'>‚</span> <span class='ocrx_word' id='word_1_30' title='bbox 232 406 281 455; x_wconf 72' lang='grc' dir='ltr'>ὅ(</span> <span class='ocrx_word' id='word_1_31' title='bbox 309 405 555 455; x_wconf 87' lang='lat' dir='ltr'>honestatis</span> <span class='ocrx_word' id='word_1_32' title='bbox 589 409 750 464; x_wconf 63' lang='lat' dir='ltr'>causa,</span> <span class='ocrx_word' id='word_1_33' title='bbox 782 404 834 454; x_wconf 66' lang='lat'>6&lt;</span> <span class='ocrx_word' id='word_1_34' title='bbox 874 420 1027 455; x_wconf 85' lang='lat' dir='ltr'>amant</span> <span class='ocrx_word' id='word_1_35' title='bbox 1065 403 1201 455; x_wconf 86' lang='lat' dir='ltr'>solius</span> <span class='ocrx_word' id='word_1_36' title='bbox 1231 405 1433 456; x_wconf 80' lang='lat' dir='ltr'>utilitatis</span> <span class='ocrx_word' id='word_1_37' title='bbox 1464 402 1564 470; x_wconf 90' lang='lat' dir='ltr'>spe.</span> 
     </span>
    </p>

    <p class='ocr_par' dir='ltr' id='par_1_3' title="bbox 134 472 1560 539">
     <span class='ocr_line' id='line_1_6' title="bbox 134 472 1560 539; baseline -0.004 -15"><span class='ocrx_word' id='word_1_38' title='bbox 134 473 226 524; x_wconf 78' lang='lat' dir='ltr'>Etsi</span> <span class='ocrx_word' id='word_1_39' title='bbox 250 473 447 524; x_wconf 82' lang='lat' dir='ltr'>amicitia</span> <span class='ocrx_word' id='word_1_40' title='bbox 468 474 681 539; x_wconf 67' lang='lat' dir='ltr'>paraemifi</span> <span class='ocrx_word' id='word_1_41' title='bbox 704 472 844 523; x_wconf 86' lang='lat' dir='ltr'>veteri</span> <span class='ocrx_word' id='word_1_42' title='bbox 861 476 886 537; x_wconf 93' lang='lat'>(</span> <span class='ocrx_word' id='word_1_43' title='bbox 903 491 1027 522; x_wconf 83' lang='lat' dir='ltr'>amor</span> <span class='ocrx_word' id='word_1_44' title='bbox 1059 489 1140 521; x_wconf 83' lang='lat' dir='ltr'>aut</span> <span class='ocrx_word' id='word_1_45' title='bbox 1159 472 1336 538; x_wconf 77' lang='lat' dir='ltr'>stmiles</span> <span class='ocrx_word' id='word_1_46' title='bbox 1359 474 1560 533; x_wconf 82' lang='lat' dir='ltr'>invenit,</span> 
     </span>
    </p>

    <p class='ocr_par' dir='ltr' id='par_1_4' title="bbox 0 539 1573 1016">
     <span class='ocr_line' id='line_1_7' title="bbox 30 539 1570 608; baseline -0.002 -18"><span class='ocrx_word' id='word_1_47' title='bbox 30 559 112 591; x_wconf 82' lang='lat' dir='ltr'>aut</span> <span class='ocrx_word' id='word_1_48' title='bbox 132 557 269 608; x_wconf 81' lang='lat' dir='ltr'>pares</span> <span class='ocrx_word' id='word_1_49' title='bbox 286 542 461 608; x_wconf 85' lang='lat' dir='ltr'>facit)</span> <span class='ocrx_word' id='word_1_50' title='bbox 495 539 549 590; x_wconf 89' lang='lat' dir='ltr'>fit</span> <span class='ocrx_word' id='word_1_51' title='bbox 571 541 668 591; x_wconf 73' lang='lat' dir='ltr'>fere</span> <span class='ocrx_word' id='word_1_52' title='bbox 701 540 820 590; x_wconf 87' lang='lat' dir='ltr'>inter</span> <span class='ocrx_word' id='word_1_53' title='bbox 843 545 1060 606; x_wconf 75' lang='lat' dir='ltr'>aequale8‚</span> <span class='ocrx_word' id='word_1_54' title='bbox 1095 541 1184 590; x_wconf 66' lang='lat' dir='ltr'>late</span> <span class='ocrx_word' id='word_1_55' title='bbox 1220 555 1373 589; x_wconf 86' lang='lat' dir='ltr'>tamen</span> <span class='ocrx_word' id='word_1_56' title='bbox 1415 540 1570 588; x_wconf 77' lang='lat' dir='ltr'>amici·</span> 
     </span>
     <span class='ocr_line' id='line_1_8' title="bbox 27 607 1564 673; baseline 0 -15"><span class='ocrx_word' id='word_1_57' title='bbox 27 610 88 659; x_wconf 84' lang='lat' dir='ltr'>tia</span> <span class='ocrx_word' id='word_1_58' title='bbox 122 608 185 658; x_wconf 88' lang='lat' dir='ltr'>est</span> <span class='ocrx_word' id='word_1_59' title='bbox 213 611 330 659; x_wconf 86' lang='lat' dir='ltr'>inter</span> <span class='ocrx_word' id='word_1_60' title='bbox 366 625 529 659; x_wconf 86' lang='lat' dir='ltr'>omnes</span> <span class='ocrx_word' id='word_1_61' title='bbox 563 607 610 659; x_wconf 85' lang='lat' dir='ltr'>se</span> <span class='ocrx_word' id='word_1_62' title='bbox 648 608 811 659; x_wconf 67' lang='lat' dir='ltr'>mum&amp;</span> <span class='ocrx_word' id='word_1_63' title='bbox 840 625 1058 661; x_wconf 78' lang='lat' dir='ltr'>amantes,</span> <span class='ocrx_word' id='word_1_64' title='bbox 1129 608 1269 660; x_wconf 85' lang='lat' dir='ltr'>Varia</span> <span class='ocrx_word' id='word_1_65' title='bbox 1298 621 1455 658; x_wconf 87' lang='lat' dir='ltr'>tamen</span> <span class='ocrx_word' id='word_1_66' title='bbox 1476 623 1564 673; x_wconf 86' lang='lat' dir='ltr'>pro</span> 
     </span>
     <span class='ocr_line' id='line_1_9' title="bbox 26 674 1570 742; baseline -0.002 -16"><span class='ocrx_word' id='word_1_67' title='bbox 26 691 236 727; x_wconf 77' lang='lat' dir='ltr'>varietate</span> <span class='ocrx_word' id='word_1_68' title='bbox 262 678 566 737; x_wconf 80' lang='lat' dir='ltr'>excellentiae,</span> <span class='ocrx_word' id='word_1_69' title='bbox 595 677 646 727; x_wconf 84' lang='lat'>&amp;</span> <span class='ocrx_word' id='word_1_70' title='bbox 668 678 980 742; x_wconf 80' lang='lat' dir='ltr'>inaequalitatis</span> <span class='ocrx_word' id='word_1_71' title='bbox 1019 674 1333 742; x_wconf 84' lang='lat' dir='ltr'>personarum.</span> <span class='ocrx_word' id='word_1_72' title='bbox 1402 677 1477 726; x_wconf 88' lang='lat' dir='ltr'>Sic</span> <span class='ocrx_word' id='word_1_73' title='bbox 1505 676 1570 723; x_wconf 89' lang='lat' dir='ltr'>in-</span> 
     </span>
     <span class='ocr_line' id='line_1_10' title="bbox 27 741 1573 812; baseline -0.002 -18"><span class='ocrx_word' id='word_1_74' title='bbox 27 758 94 794; x_wconf 84' lang='lat' dir='ltr'>ter</span> <span class='ocrx_word' id='word_1_75' title='bbox 123 748 308 805; x_wconf 75' lang='lat' dir='ltr'>Deum,</span> <span class='ocrx_word' id='word_1_76' title='bbox 339 745 390 795; x_wconf 87' lang='lat'>&amp;</span> <span class='ocrx_word' id='word_1_77' title='bbox 412 745 681 805; x_wconf 86' lang='lat' dir='ltr'>hominem,</span> <span class='ocrx_word' id='word_1_78' title='bbox 710 745 943 812; x_wconf 83' lang='lat' dir='ltr'>Principes</span> <span class='ocrx_word' id='word_1_79' title='bbox 961 783 973 805; x_wconf 87' lang='lat'>‚</span> <span class='ocrx_word' id='word_1_80' title='bbox 1001 744 1052 795; x_wconf 71' lang='grc' dir='ltr'>ἃ</span> <span class='ocrx_word' id='word_1_81' title='bbox 1073 744 1144 796; x_wconf 91' lang='lat' dir='ltr'>his</span> <span class='ocrx_word' id='word_1_82' title='bbox 1183 745 1387 794; x_wconf 87' lang='lat' dir='ltr'>minores</span> <span class='ocrx_word' id='word_1_83' title='bbox 1429 741 1493 792; x_wconf 89' lang='lat' dir='ltr'>est</span> <span class='ocrx_word' id='word_1_84' title='bbox 1529 761 1573 791; x_wconf 85' lang='lat' dir='ltr'>a·</span> 
     </span>
     <span class='ocr_line' id='line_1_11' title="bbox 0 812 1571 883; baseline -0.003 -18"><span class='ocrx_word' id='word_1_85' title='bbox 0 861 1 865; x_wconf 74' lang='grc'>,</span> <span class='ocrx_word' id='word_1_86' title='bbox 28 815 199 864; x_wconf 86' lang='lat' dir='ltr'>micitia</span> <span class='ocrx_word' id='word_1_87' title='bbox 237 816 539 883; x_wconf 68' lang='lat' dir='ltr'>dignationis,</span> <span class='ocrx_word' id='word_1_88' title='bbox 584 814 641 863; x_wconf 72' lang='lat' dir='ltr'>eo</span> <span class='ocrx_word' id='word_1_89' title='bbox 682 812 813 881; x_wconf 73' lang='lat' dir='ltr'>quod</span> <span class='ocrx_word' id='word_1_90' title='bbox 838 814 1006 865; x_wconf 89' lang='lat' dir='ltr'>DEUS</span> <span class='ocrx_word' id='word_1_91' title='bbox 1035 828 1315 872; x_wconf 85' lang='lat' dir='ltr'>creaturam,</span> <span class='ocrx_word' id='word_1_92' title='bbox 1347 812 1571 876; x_wconf 82' lang='lat' dir='ltr'>Princeps</span> 
     </span>
     <span class='ocr_line' id='line_1_12' title="bbox 27 881 1570 951; baseline -0.001 -21"><span class='ocrx_word' id='word_1_93' title='bbox 27 884 259 932; x_wconf 82' lang='lat' dir='ltr'>minorem</span> <span class='ocrx_word' id='word_1_94' title='bbox 296 882 342 932; x_wconf 83' lang='lat' dir='ltr'>se</span> <span class='ocrx_word' id='word_1_95' title='bbox 374 883 587 951; x_wconf 81' lang='lat' dir='ltr'>dignetur</span> <span class='ocrx_word' id='word_1_96' title='bbox 614 899 793 940; x_wconf 81' lang='lat' dir='ltr'>amore,</span> <span class='ocrx_word' id='word_1_97' title='bbox 822 882 964 933; x_wconf 88' lang='lat' dir='ltr'>solius</span> <span class='ocrx_word' id='word_1_98' title='bbox 1000 884 1137 932; x_wconf 87' lang='lat' dir='ltr'>amati</span> <span class='ocrx_word' id='word_1_99' title='bbox 1173 885 1310 931; x_wconf 62' lang='lat' dir='ltr'>causa</span> <span class='ocrx_word' id='word_1_100' title='bbox 1337 898 1354 939; x_wconf 83' lang='lat'>3</span> <span class='ocrx_word' id='word_1_101' title='bbox 1402 881 1570 948; x_wconf 83' lang='lat' dir='ltr'>vulgus</span> 
     </span>
     <span class='ocr_line' id='line_1_13' title="bbox 0 949 1285 1016; baseline -0.001 -16"><span class='ocrx_word' id='word_1_102' title='bbox 0 984 1 989; x_wconf 57' lang='lat'>=</span> <span class='ocrx_word' id='word_1_103' title='bbox 26 951 248 1001; x_wconf 79' lang='lat' dir='ltr'>amicitias</span> <span class='ocrx_word' id='word_1_104' title='bbox 271 952 485 1012; x_wconf 84' lang='lat' dir='ltr'>utilitate,</span> <span class='ocrx_word' id='word_1_105' title='bbox 521 952 736 1014; x_wconf 83' lang='lat' dir='ltr'>juventus</span> <span class='ocrx_word' id='word_1_106' title='bbox 771 949 1079 1002; x_wconf 65' lang='lat' dir='ltr'>delectatione</span> <span class='ocrx_word' id='word_1_107' title='bbox 1101 949 1285 1016; x_wconf 84' lang='lat' dir='ltr'>probat.</span> 
     </span>
    </p>

    <p class='ocr_par' dir='ltr' id='par_1_5' title="bbox 0 1015 1570 1948">
     <span class='ocr_line' id='line_1_14' title="bbox 135 1015 1568 1079; baseline -0.002 -12"><span class='ocrx_word' id='word_1_108' title='bbox 135 1018 382 1070; x_wconf 79' lang='lat' dir='ltr'>Sodalitius</span> <span class='ocrx_word' id='word_1_109' title='bbox 407 1036 537 1068; x_wconf 85' lang='lat' dir='ltr'>amor</span> <span class='ocrx_word' id='word_1_110' title='bbox 568 1017 632 1067; x_wconf 91' lang='lat' dir='ltr'>est</span> <span class='ocrx_word' id='word_1_111' title='bbox 662 1020 778 1068; x_wconf 86' lang='lat' dir='ltr'>inter</span> <span class='ocrx_word' id='word_1_112' title='bbox 804 1017 968 1071; x_wconf 87' lang='lat' dir='ltr'>fratres</span> <span class='ocrx_word' id='word_1_113' title='bbox 991 1055 1003 1079; x_wconf 91' lang='lat'><strong>,</strong></span> <span class='ocrx_word' id='word_1_114' title='bbox 1053 1019 1126 1067; x_wconf 91' lang='lat' dir='ltr'>vel</span> <span class='ocrx_word' id='word_1_115' title='bbox 1161 1015 1361 1066; x_wconf 85' lang='lat' dir='ltr'>sodales.</span> <span class='ocrx_word' id='word_1_116' title='bbox 1455 1016 1568 1065; x_wconf 79' lang='lat' dir='ltr'>Con-</span> 
     </span>
     <span class='ocr_line' id='line_1_15' title="bbox 0 1082 1566 1156; baseline -0.003 -18"><span class='ocrx_word' id='word_1_117' title='bbox 0 1085 292 1156; x_wconf 69' lang='lat' dir='ltr'>ifhnguineus</span> <span class='ocrx_word' id='word_1_118' title='bbox 325 1090 442 1138; x_wconf 86' lang='lat' dir='ltr'>inter</span> <span class='ocrx_word' id='word_1_119' title='bbox 469 1082 918 1154; x_wconf 35' lang='lat' dir='ltr'>sanguinenjunftoa</span> <span class='ocrx_word' id='word_1_120' title='bbox 1017 1087 1279 1154; x_wconf 80' lang='lat' dir='ltr'>Conjugalis</span> <span class='ocrx_word' id='word_1_121' title='bbox 1306 1087 1426 1135; x_wconf 89' lang='lat' dir='ltr'>inter</span> <span class='ocrx_word' id='word_1_122' title='bbox 1453 1102 1566 1135; x_wconf 89' lang='lat' dir='ltr'>con-</span> 
     </span>
     <span class='ocr_line' id='line_1_16' title="bbox 0 1150 1565 1223; baseline -0.002 -19"><span class='ocrx_word' id='word_1_123' title='bbox 0 1157 1 1201; x_wconf 72' lang='lat' dir='ltr'>l</span> <span class='ocrx_word' id='word_1_124' title='bbox 22 1157 174 1223; x_wconf 85' lang='lat' dir='ltr'>juges.</span> <span class='ocrx_word' id='word_1_125' title='bbox 247 1160 372 1207; x_wconf 87' lang='lat' dir='ltr'>Inter</span> <span class='ocrx_word' id='word_1_126' title='bbox 412 1155 677 1220; x_wconf 84' lang='lat' dir='ltr'>Principem</span> <span class='ocrx_word' id='word_1_127' title='bbox 702 1189 715 1214; x_wconf 89' lang='lat'>‚</span> <span class='ocrx_word' id='word_1_128' title='bbox 753 1153 806 1205; x_wconf 87' lang='lat'>&amp;</span> <span class='ocrx_word' id='word_1_129' title='bbox 833 1152 1047 1206; x_wconf 78' lang='lat' dir='ltr'>filbditos</span> <span class='ocrx_word' id='word_1_130' title='bbox 1078 1171 1231 1215; x_wconf 86' lang='lat' dir='ltr'>amor,</span> <span class='ocrx_word' id='word_1_131' title='bbox 1271 1153 1468 1219; x_wconf 67' lang='lat' dir='ltr'>proprie</span> <span class='ocrx_word' id='word_1_132' title='bbox 1510 1150 1565 1201; x_wconf 89' lang='lat'>&amp;</span> 
     </span>
     <span class='ocr_line' id='line_1_17' title="bbox 0 1220 1565 1292; baseline -0.003 -17"><span class='ocrx_word' id='word_1_133' title='bbox 0 1224 176 1292; x_wconf 54' lang='lat' dir='ltr'>{stricte</span> <span class='ocrx_word' id='word_1_134' title='bbox 206 1223 446 1291; x_wconf 85' lang='lat' dir='ltr'>loquendo</span> <span class='ocrx_word' id='word_1_135' title='bbox 467 1259 480 1283; x_wconf 93' lang='lat'>‚</span> <span class='ocrx_word' id='word_1_136' title='bbox 508 1241 608 1275; x_wconf 89' lang='lat' dir='ltr'>non</span> <span class='ocrx_word' id='word_1_137' title='bbox 636 1225 803 1282; x_wconf 84' lang='lat' dir='ltr'>datur,</span> <span class='ocrx_word' id='word_1_138' title='bbox 836 1225 945 1290; x_wconf 86' lang='lat' dir='ltr'>quia</span> <span class='ocrx_word' id='word_1_139' title='bbox 978 1226 1025 1275; x_wconf 88' lang='lat' dir='ltr'>in</span> <span class='ocrx_word' id='word_1_140' title='bbox 1054 1223 1128 1272; x_wconf 89' lang='lat' dir='ltr'>his</span> <span class='ocrx_word' id='word_1_141' title='bbox 1163 1221 1228 1271; x_wconf 93' lang='lat' dir='ltr'>est</span> <span class='ocrx_word' id='word_1_142' title='bbox 1258 1224 1402 1271; x_wconf 88' lang='lat' dir='ltr'>timor</span> <span class='ocrx_word' id='word_1_143' title='bbox 1435 1220 1565 1271; x_wconf 87' lang='lat' dir='ltr'>Prin-</span> 
     </span>
     <span class='ocr_line' id='line_1_18' title="bbox 0 1289 1564 1375; baseline -0.004 -29"><span class='ocrx_word' id='word_1_144' title='bbox 0 1294 218 1375; x_wconf 59' lang='lat' dir='ltr'>‚cipum3</span> <span class='ocrx_word' id='word_1_145' title='bbox 256 1309 398 1345; x_wconf 86' lang='lat' dir='ltr'>nemo</span> <span class='ocrx_word' id='word_1_146' title='bbox 424 1304 603 1355; x_wconf 86' lang='lat' dir='ltr'>autem,</span> <span class='ocrx_word' id='word_1_147' title='bbox 640 1294 781 1359; x_wconf 85' lang='lat' dir='ltr'>quem</span> <span class='ocrx_word' id='word_1_148' title='bbox 813 1292 1007 1352; x_wconf 86' lang='lat' dir='ltr'>metuit,</span> <span class='ocrx_word' id='word_1_149' title='bbox 1037 1289 1188 1358; x_wconf 81' lang='lat' dir='ltr'>diligit</span> <span class='ocrx_word' id='word_1_150' title='bbox 1226 1310 1268 1339; x_wconf 88' lang='lat'>2.</span> <span class='ocrx_word' id='word_1_151' title='bbox 1295 1290 1428 1340; x_wconf 90' lang='lat' dir='ltr'>Rhet.</span> <span class='ocrx_word' id='word_1_152' title='bbox 1454 1304 1493 1338; x_wconf 85' lang='lat' dir='ltr'>c.</span> <span class='ocrx_word' id='word_1_153' title='bbox 1522 1303 1564 1347; x_wconf 85' lang='lat'>5.</span> 
     </span>
     <span class='ocr_line' id='line_1_19' title="bbox 0 1355 1560 1424; baseline -0.005 -10"><span class='ocrx_word' id='word_1_154' title='bbox 0 1362 233 1416; x_wconf 72' lang='lat' dir='ltr'>lAmandi</span> <span class='ocrx_word' id='word_1_155' title='bbox 263 1378 417 1414; x_wconf 88' lang='lat' dir='ltr'>tamen</span> <span class='ocrx_word' id='word_1_156' title='bbox 452 1358 555 1411; x_wconf 79' lang='lat' dir='ltr'>sum</span> <span class='ocrx_word' id='word_1_157' title='bbox 595 1361 659 1410; x_wconf 72' lang='lat' dir='ltr'>ita</span> <span class='ocrx_word' id='word_1_158' title='bbox 697 1363 721 1409; x_wconf 77' lang='lat' dir='ltr'>a</span> <span class='ocrx_word' id='word_1_159' title='bbox 752 1358 954 1412; x_wconf 87' lang='lat' dir='ltr'>subditis</span> <span class='ocrx_word' id='word_1_160' title='bbox 997 1359 1213 1410; x_wconf 89' lang='lat' dir='ltr'>omnibus</span> <span class='ocrx_word' id='word_1_161' title='bbox 1253 1355 1522 1424; x_wconf 89' lang='lat' dir='ltr'>superiores</span> <span class='ocrx_word' id='word_1_162' title='bbox 1547 1392 1560 1416; x_wconf 91' lang='lat'>,</span> 
     </span>
     <span class='ocr_line' id='line_1_20' title="bbox 0 1419 1566 1497; baseline -0.004 -17"><span class='ocrx_word' id='word_1_163' title='bbox 0 1419 77 1497; x_wconf 62' lang='lat' dir='ltr'>{ut</span> <span class='ocrx_word' id='word_1_164' title='bbox 105 1433 254 1495; x_wconf 72' lang='lat' dir='ltr'>maior</span> <span class='ocrx_word' id='word_1_165' title='bbox 279 1431 330 1480; x_wconf 78' lang='lat' dir='ltr'>fit</span> <span class='ocrx_word' id='word_1_166' title='bbox 361 1445 494 1479; x_wconf 87' lang='lat' dir='ltr'>amor</span> <span class='ocrx_word' id='word_1_167' title='bbox 522 1427 816 1479; x_wconf 82' lang='lat' dir='ltr'>subditorum</span> <span class='ocrx_word' id='word_1_168' title='bbox 846 1429 896 1478; x_wconf 87' lang='lat' dir='ltr'>in</span> <span class='ocrx_word' id='word_1_169' title='bbox 923 1429 1151 1490; x_wconf 86' lang='lat' dir='ltr'>majores,</span> <span class='ocrx_word' id='word_1_170' title='bbox 1196 1429 1340 1493; x_wconf 72' lang='lat' dir='ltr'>quarn</span> <span class='ocrx_word' id='word_1_171' title='bbox 1373 1428 1566 1476; x_wconf 87' lang='lat' dir='ltr'>illorum</span> 
     </span>
     <span class='ocr_line' id='line_1_21' title="bbox 0 1494 1565 1562; baseline -0.004 -12"><span class='ocrx_word' id='word_1_172' title='bbox 0 1499 230 1550; x_wconf 53' lang='lat' dir='ltr'>fviciffim.</span> <span class='ocrx_word' id='word_1_173' title='bbox 298 1499 375 1549; x_wconf 84' lang='lat' dir='ltr'>Sic</span> <span class='ocrx_word' id='word_1_174' title='bbox 406 1497 530 1547; x_wconf 87' lang='lat' dir='ltr'>enim</span> <span class='ocrx_word' id='word_1_175' title='bbox 555 1499 653 1548; x_wconf 90' lang='lat' dir='ltr'>lato</span> <span class='ocrx_word' id='word_1_176' title='bbox 676 1496 825 1547; x_wconf 91' lang='lat' dir='ltr'>modo</span> <span class='ocrx_word' id='word_1_177' title='bbox 854 1514 940 1562; x_wconf 90' lang='lat' dir='ltr'>per</span> <span class='ocrx_word' id='word_1_178' title='bbox 972 1495 1276 1547; x_wconf 85' lang='lat' dir='ltr'>Aristotelem</span> <span class='ocrx_word' id='word_1_179' title='bbox 1293 1529 1309 1556; x_wconf 91' lang='lat'>,</span> <span class='ocrx_word' id='word_1_180' title='bbox 1333 1494 1565 1561; x_wconf 61' lang='lat' dir='ltr'>equalitas</span> 
     </span>
     <span class='ocr_line' id='line_1_22' title="bbox 0 1563 1566 1638; baseline -0.004 -21"><span class='ocrx_word' id='word_1_181' title='bbox 0 1585 3 1638; x_wconf 42' lang='grc' dir='ltr'>ᾗ</span> <span class='ocrx_word' id='word_1_182' title='bbox 27 1568 237 1635; x_wconf 79' lang='lat' dir='ltr'>quaedam</span> <span class='ocrx_word' id='word_1_183' title='bbox 273 1566 327 1618; x_wconf 84' lang='lat' dir='ltr'>fit</span> <span class='ocrx_word' id='word_1_184' title='bbox 356 1568 474 1617; x_wconf 89' lang='lat' dir='ltr'>inter</span> <span class='ocrx_word' id='word_1_185' title='bbox 505 1567 697 1617; x_wconf 87' lang='lat' dir='ltr'>eosdem</span> <span class='ocrx_word' id='word_1_186' title='bbox 724 1566 784 1615; x_wconf 89' lang='lat' dir='ltr'>ad</span> <span class='ocrx_word' id='word_1_187' title='bbox 805 1565 1058 1616; x_wconf 83' lang='lat' dir='ltr'>amicitiam</span> <span class='ocrx_word' id='word_1_188' title='bbox 1085 1563 1310 1630; x_wconf 84' lang='lat' dir='ltr'>requisita.</span> <span class='ocrx_word' id='word_1_189' title='bbox 1387 1565 1566 1631; x_wconf 74' lang='lat' dir='ltr'>Quam-</span> 
     </span>
     <span class='ocr_line' id='line_1_23' title="bbox 0 1631 1567 1701; baseline -0.002 -19"><span class='ocrx_word' id='word_1_190' title='bbox 0 1638 13 1701; x_wconf 68' lang='lat' dir='ltr'>¹,J</span> <span class='ocrx_word' id='word_1_191' title='bbox 63 1654 168 1686; x_wconf 84' lang='lat' dir='ltr'>uam</span> <span class='ocrx_word' id='word_1_192' title='bbox 192 1635 486 1689; x_wconf 86' lang='lat' dir='ltr'>Christianus</span> <span class='ocrx_word' id='word_1_193' title='bbox 509 1653 642 1685; x_wconf 86' lang='lat' dir='ltr'>amor</span> <span class='ocrx_word' id='word_1_194' title='bbox 671 1635 808 1685; x_wconf 85' lang='lat' dir='ltr'>etiam</span> <span class='ocrx_word' id='word_1_195' title='bbox 831 1634 891 1683; x_wconf 88' lang='lat' dir='ltr'>ad</span> <span class='ocrx_word' id='word_1_196' title='bbox 912 1633 1132 1685; x_wconf 84' lang='lat' dir='ltr'>inimicos</span> <span class='ocrx_word' id='word_1_197' title='bbox 1154 1631 1339 1683; x_wconf 82' lang='lat' dir='ltr'>extendi</span> <span class='ocrx_word' id='word_1_198' title='bbox 1368 1631 1536 1681; x_wconf 86' lang='lat' dir='ltr'>debeat</span> <span class='ocrx_word' id='word_1_199' title='bbox 1553 1666 1567 1690; x_wconf 89' lang='lat'>‚</span> 
     </span>
     <span class='ocr_line' id='line_1_24' title="bbox 0 1696 1569 1776; baseline -0.004 -21"><span class='ocrx_word' id='word_1_200' title='bbox 0 1705 5 1776; x_wconf 63' lang='grc' dir='ltr'><strong><em>ζ</em></strong></span> <span class='ocrx_word' id='word_1_201' title='bbox 53 1705 60 1720; x_wconf 84' lang='lat'>¹</span> <span class='ocrx_word' id='word_1_202' title='bbox 106 1705 186 1755; x_wconf 88' lang='lat' dir='ltr'>hic</span> <span class='ocrx_word' id='word_1_203' title='bbox 212 1705 268 1755; x_wconf 85' lang='lat' dir='ltr'>ab</span> <span class='ocrx_word' id='word_1_204' title='bbox 299 1703 406 1770; x_wconf 80' lang='lat' dir='ltr'>ipsis</span> <span class='ocrx_word' id='word_1_205' title='bbox 438 1703 651 1756; x_wconf 86' lang='lat' dir='ltr'>Ethnicis</span> <span class='ocrx_word' id='word_1_206' title='bbox 676 1703 902 1768; x_wconf 85' lang='lat' dir='ltr'>exemplis</span> <span class='ocrx_word' id='word_1_207' title='bbox 926 1700 1120 1750; x_wconf 87' lang='lat' dir='ltr'>subinde</span> <span class='ocrx_word' id='word_1_208' title='bbox 1149 1696 1569 1761; x_wconf 74' lang='lat' dir='ltr'>demonstratuS,&amp;</span> 
     </span>
     <span class='ocr_line' id='line_1_25' title="bbox 0 1765 1570 1843; baseline -0.006 -19"><span class='ocrx_word' id='word_1_209' title='bbox 0 1773 381 1843; x_wconf 68' lang='lat' dir='ltr'>icommendatus</span> <span class='ocrx_word' id='word_1_210' title='bbox 418 1774 527 1822; x_wconf 72' lang='lat' dir='ltr'>cum</span> <span class='ocrx_word' id='word_1_211' title='bbox 561 1772 616 1822; x_wconf 82' lang='lat' dir='ltr'>fit</span> <span class='ocrx_word' id='word_1_212' title='bbox 641 1807 653 1832; x_wconf 91' lang='lat'>,</span> <span class='ocrx_word' id='word_1_213' title='bbox 702 1772 922 1820; x_wconf 86' lang='lat' dir='ltr'>virtutem</span> <span class='ocrx_word' id='word_1_214' title='bbox 958 1770 1064 1821; x_wconf 73' lang='lat' dir='ltr'>vere</span> <span class='ocrx_word' id='word_1_215' title='bbox 1094 1769 1331 1819; x_wconf 84' lang='lat' dir='ltr'>heroicam</span> <span class='ocrx_word' id='word_1_216' title='bbox 1351 1804 1363 1828; x_wconf 92' lang='lat'>,</span> <span class='ocrx_word' id='word_1_217' title='bbox 1394 1765 1447 1817; x_wconf 71' lang='grc' dir='ltr'>δί</span> <span class='ocrx_word' id='word_1_218' title='bbox 1473 1766 1570 1816; x_wconf 89' lang='lat' dir='ltr'>ani·</span> 
     </span>
     <span class='ocr_line' id='line_1_26' title="bbox 0 1840 801 1948; baseline -0.007 -55"><span class='ocrx_word' id='word_1_219' title='bbox 0 1855 156 1948; x_wconf 40' lang='lat' dir='ltr'>*mum</span> <span class='ocrx_word' id='word_1_220' title='bbox 187 1842 360 1908; x_wconf 92' lang='lat' dir='ltr'>probat</span> <span class='ocrx_word' id='word_1_221' title='bbox 394 1840 516 1907; x_wconf 84' lang='lat' dir='ltr'>quasi</span> <span class='ocrx_word' id='word_1_222' title='bbox 558 1840 801 1892; x_wconf 81' lang='lat' dir='ltr'>Divinum.</span> 
     </span>
    </p>

    <p class='ocr_par' dir='ltr' id='par_1_6' title="bbox 0 1904 1635 2801">
     <span class='ocr_line' id='line_1_27' title="bbox 131 1904 1570 1974; baseline -0.003 -13"><span class='ocrx_word' id='word_1_223' title='bbox 131 1911 357 1961; x_wconf 78' lang='lat' dir='ltr'>Amicitiae</span> <span class='ocrx_word' id='word_1_224' title='bbox 398 1907 658 1961; x_wconf 81' lang='lat' dir='ltr'>adversatur</span> <span class='ocrx_word' id='word_1_225' title='bbox 698 1908 972 1958; x_wconf 81' lang='lat' dir='ltr'>inimicitia.</span> <span class='ocrx_word' id='word_1_226' title='bbox 1070 1906 1321 1974; x_wconf 85' lang='lat' dir='ltr'>Originem</span> <span class='ocrx_word' id='word_1_227' title='bbox 1355 1904 1486 1955; x_wconf 86' lang='lat' dir='ltr'>ducit</span> <span class='ocrx_word' id='word_1_228' title='bbox 1514 1922 1570 1956; x_wconf 82' lang='lat' dir='ltr'>ex</span> 
     </span>
     <span class='ocr_line' id='line_1_28' title="bbox 24 1975 1571 2040; baseline -0.003 -11"><span class='ocrx_word' id='word_1_229' title='bbox 24 1980 114 2038; x_wconf 87' lang='lat' dir='ltr'>ira,</span> <span class='ocrx_word' id='word_1_230' title='bbox 149 1977 474 2037; x_wconf 84' lang='lat' dir='ltr'>contumeliis,</span> <span class='ocrx_word' id='word_1_231' title='bbox 505 1977 640 2028; x_wconf 89' lang='lat' dir='ltr'>odio.</span> <span class='ocrx_word' id='word_1_232' title='bbox 738 1976 963 2024; x_wconf 81' lang='lat' dir='ltr'>Adulatio</span> <span class='ocrx_word' id='word_1_233' title='bbox 997 1975 1147 2033; x_wconf 86' lang='lat' dir='ltr'>item,</span> <span class='ocrx_word' id='word_1_234' title='bbox 1187 1992 1244 2023; x_wconf 82' lang='lat' dir='ltr'>ex</span> <span class='ocrx_word' id='word_1_235' title='bbox 1277 1991 1439 2025; x_wconf 89' lang='lat' dir='ltr'>amore</span> <span class='ocrx_word' id='word_1_236' title='bbox 1459 1990 1571 2040; x_wconf 88' lang='lat' dir='ltr'>pro·</span> 
     </span>
     <span class='ocr_line' id='line_1_29' title="bbox 24 2038 1565 2114; baseline -0.004 -17"><span class='ocrx_word' id='word_1_237' title='bbox 24 2047 130 2114; x_wconf 89' lang='lat' dir='ltr'>prio</span> <span class='ocrx_word' id='word_1_238' title='bbox 171 2046 281 2096; x_wconf 82' lang='lat' dir='ltr'>oriri</span> <span class='ocrx_word' id='word_1_239' title='bbox 321 2043 466 2094; x_wconf 86' lang='lat' dir='ltr'>solita.</span> <span class='ocrx_word' id='word_1_240' title='bbox 556 2043 825 2094; x_wconf 86' lang='lat' dir='ltr'>Adulatoris</span> <span class='ocrx_word' id='word_1_241' title='bbox 853 2041 981 2109; x_wconf 83' lang='lat' dir='ltr'>figna</span> <span class='ocrx_word' id='word_1_242' title='bbox 1004 2043 1083 2092; x_wconf 88' lang='lat' dir='ltr'>dat</span> <span class='ocrx_word' id='word_1_243' title='bbox 1118 2038 1427 2108; x_wconf 83' lang='lat' dir='ltr'>Philosophus</span> <span class='ocrx_word' id='word_1_244' title='bbox 1449 2059 1489 2092; x_wconf 88' lang='lat' dir='ltr'>c.</span> <span class='ocrx_word' id='word_1_245' title='bbox 1516 2060 1565 2101; x_wconf 84' lang='lat'>4.</span> 
     </span>
     <span class='ocr_line' id='line_1_30' title="bbox 31 2110 1561 2181; baseline -0.005 -17"><span class='ocrx_word' id='word_1_246' title='bbox 31 2132 73 2164; x_wconf 90' lang='lat'>1.</span> <span class='ocrx_word' id='word_1_247' title='bbox 98 2115 271 2165; x_wconf 84' lang='lat' dir='ltr'>Omnia</span> <span class='ocrx_word' id='word_1_248' title='bbox 308 2113 505 2181; x_wconf 86' lang='lat' dir='ltr'>probare</span> <span class='ocrx_word' id='word_1_249' title='bbox 522 2148 535 2172; x_wconf 92' lang='lat'>,</span> <span class='ocrx_word' id='word_1_250' title='bbox 577 2113 650 2162; x_wconf 91' lang='lat' dir='ltr'>vel</span> <span class='ocrx_word' id='word_1_251' title='bbox 677 2110 974 2177; x_wconf 84' lang='lat' dir='ltr'>improbare,</span> <span class='ocrx_word' id='word_1_252' title='bbox 1014 2129 1114 2177; x_wconf 80' lang='lat' dir='ltr'>quae</span> <span class='ocrx_word' id='word_1_253' title='bbox 1147 2114 1258 2162; x_wconf 86' lang='lat' dir='ltr'>alter</span> <span class='ocrx_word' id='word_1_254' title='bbox 1278 2110 1463 2177; x_wconf 86' lang='lat' dir='ltr'>probat,</span> <span class='ocrx_word' id='word_1_255' title='bbox 1486 2110 1561 2158; x_wconf 88' lang='lat' dir='ltr'>vel</span> 
     </span>
     <span class='ocr_line' id='line_1_31' title="bbox 24 2178 1567 2248; baseline -0.005 -16"><span class='ocrx_word' id='word_1_256' title='bbox 24 2182 279 2248; x_wconf 82' lang='lat' dir='ltr'>improbat.</span> <span class='ocrx_word' id='word_1_257' title='bbox 354 2201 395 2233; x_wconf 88' lang='lat'>2.</span> <span class='ocrx_word' id='word_1_258' title='bbox 434 2180 654 2231; x_wconf 86' lang='lat' dir='ltr'>Nimium</span> <span class='ocrx_word' id='word_1_259' title='bbox 683 2180 871 2230; x_wconf 88' lang='lat' dir='ltr'>laudare</span> <span class='ocrx_word' id='word_1_260' title='bbox 892 2180 1083 2229; x_wconf 86' lang='lat' dir='ltr'>alterum</span> <span class='ocrx_word' id='word_1_261' title='bbox 1101 2214 1114 2238; x_wconf 91' lang='lat'>‚</span> <span class='ocrx_word' id='word_1_262' title='bbox 1140 2179 1262 2229; x_wconf 88' lang='lat' dir='ltr'>unde</span> <span class='ocrx_word' id='word_1_263' title='bbox 1295 2179 1469 2228; x_wconf 87' lang='lat' dir='ltr'>laudati</span> <span class='ocrx_word' id='word_1_264' title='bbox 1492 2178 1567 2243; x_wconf 88' lang='lat' dir='ltr'>gi·</span> 
     </span>
     <span class='ocr_line' id='line_1_32' title="bbox 26 2244 1635 2321; baseline -0.005 -20"><span class='ocrx_word' id='word_1_265' title='bbox 26 2265 199 2321; x_wconf 81' lang='lat' dir='ltr'>gnatur</span> <span class='ocrx_word' id='word_1_266' title='bbox 231 2250 418 2302; x_wconf 84' lang='lat' dir='ltr'>invidia.</span> <span class='ocrx_word' id='word_1_267' title='bbox 508 2263 550 2310; x_wconf 85' lang='lat'>3.</span> <span class='ocrx_word' id='word_1_268' title='bbox 589 2249 764 2315; x_wconf 79' lang='lat' dir='ltr'>Siquis</span> <span class='ocrx_word' id='word_1_269' title='bbox 795 2248 838 2298; x_wconf 86' lang='lat' dir='ltr'>se</span> <span class='ocrx_word' id='word_1_270' title='bbox 870 2249 918 2297; x_wconf 89' lang='lat' dir='ltr'>in</span> <span class='ocrx_word' id='word_1_271' title='bbox 943 2248 1189 2297; x_wconf 85' lang='lat' dir='ltr'>amicitiam</span> <span class='ocrx_word' id='word_1_272' title='bbox 1221 2247 1427 2297; x_wconf 72' lang='lat' dir='ltr'>violente</span> <span class='ocrx_word' id='word_1_273' title='bbox 1457 2244 1564 2294; x_wconf 82' lang='lat' dir='ltr'>infi-</span> <span class='ocrx_word' id='word_1_274' title='bbox 1632 2274 1635 2276; x_wconf 35' lang='lat' dir='ltr'>v</span> 
     </span>
     <span class='ocr_line' id='line_1_33' title="bbox 28 2315 1566 2385; baseline -0.004 -15"><span class='ocrx_word' id='word_1_275' title='bbox 28 2334 157 2371; x_wconf 86' lang='lat' dir='ltr'>nuet.</span> <span class='ocrx_word' id='word_1_276' title='bbox 228 2337 273 2378; x_wconf 85' lang='lat'>4.</span> <span class='ocrx_word' id='word_1_277' title='bbox 310 2320 363 2368; x_wconf 90' lang='lat' dir='ltr'>Si</span> <span class='ocrx_word' id='word_1_278' title='bbox 396 2332 645 2385; x_wconf 84' lang='lat' dir='ltr'>promptus</span> <span class='ocrx_word' id='word_1_279' title='bbox 675 2316 816 2367; x_wconf 87' lang='lat' dir='ltr'>nimis</span> <span class='ocrx_word' id='word_1_280' title='bbox 848 2316 907 2365; x_wconf 86' lang='lat' dir='ltr'>ad</span> <span class='ocrx_word' id='word_1_281' title='bbox 934 2317 1105 2367; x_wconf 85' lang='lat' dir='ltr'>omnia.</span> <span class='ocrx_word' id='word_1_282' title='bbox 1197 2315 1409 2380; x_wconf 80' lang='lat' dir='ltr'>Denique</span> <span class='ocrx_word' id='word_1_283' title='bbox 1443 2330 1501 2363; x_wconf 81' lang='lat' dir='ltr'>ex</span> <span class='ocrx_word' id='word_1_284' title='bbox 1520 2329 1566 2371; x_wconf 89' lang='lat'>4.</span> 
     </span>
     <span class='ocr_line' id='line_1_34' title="bbox 26 2380 1569 2451; baseline -0.007 -10"><span class='ocrx_word' id='word_1_285' title='bbox 26 2387 134 2441; x_wconf 91' lang='lat' dir='ltr'>Eth.</span> <span class='ocrx_word' id='word_1_286' title='bbox 170 2404 209 2438; x_wconf 87' lang='lat' dir='ltr'>c.</span> <span class='ocrx_word' id='word_1_287' title='bbox 236 2393 278 2436; x_wconf 90' lang='lat'>6.</span> <span class='ocrx_word' id='word_1_288' title='bbox 327 2386 375 2436; x_wconf 88' lang='lat' dir='ltr'>id</span> <span class='ocrx_word' id='word_1_289' title='bbox 405 2385 602 2436; x_wconf 71' lang='lat' dir='ltr'>maxime</span> <span class='ocrx_word' id='word_1_290' title='bbox 640 2385 779 2445; x_wconf 86' lang='lat' dir='ltr'>vide,</span> <span class='ocrx_word' id='word_1_291' title='bbox 817 2401 914 2451; x_wconf 86' lang='lat' dir='ltr'>qno</span> <span class='ocrx_word' id='word_1_292' title='bbox 956 2383 1045 2435; x_wconf 82' lang='lat' dir='ltr'>fine</span> <span class='ocrx_word' id='word_1_293' title='bbox 1079 2383 1164 2434; x_wconf 86' lang='lat' dir='ltr'>tibi</span> <span class='ocrx_word' id='word_1_294' title='bbox 1209 2382 1382 2432; x_wconf 86' lang='lat' dir='ltr'>amicus</span> <span class='ocrx_word' id='word_1_295' title='bbox 1414 2380 1498 2440; x_wconf 83' lang='lat' dir='ltr'>fit3</span> <span class='ocrx_word' id='word_1_296' title='bbox 1535 2381 1569 2430; x_wconf 89' lang='lat' dir='ltr'>fi</span> 
     </span>
     <span class='ocr_line' id='line_1_35' title="bbox 5 2451 1567 2517; baseline -0.006 -8"><span class='ocrx_word' id='word_1_297' title='bbox 5 2455 153 2508; x_wconf 42' lang='lat' dir='ltr'>&#39;enim</span> <span class='ocrx_word' id='word_1_298' title='bbox 193 2453 284 2506; x_wconf 85' lang='lat' dir='ltr'>suae</span> <span class='ocrx_word' id='word_1_299' title='bbox 315 2455 520 2505; x_wconf 84' lang='lat' dir='ltr'>utilitatis</span> <span class='ocrx_word' id='word_1_300' title='bbox 554 2457 688 2504; x_wconf 62' lang='lat' dir='ltr'>causa</span> <span class='ocrx_word' id='word_1_301' title='bbox 721 2453 807 2503; x_wconf 86' lang='lat' dir='ltr'>tibi</span> <span class='ocrx_word' id='word_1_302' title='bbox 846 2452 1054 2502; x_wconf 58' lang='lat' dir='ltr'>adelmus</span> <span class='ocrx_word' id='word_1_303' title='bbox 1092 2451 1170 2501; x_wconf 86' lang='lat' dir='ltr'>fit:</span> <span class='ocrx_word' id='word_1_304' title='bbox 1204 2453 1365 2517; x_wconf 86' lang='lat' dir='ltr'>Juret,</span> <span class='ocrx_word' id='word_1_305' title='bbox 1407 2452 1567 2515; x_wconf 83' lang='lat' dir='ltr'>perju-</span> 
     </span>
     <span class='ocr_line' id='line_1_36' title="bbox 5 2517 1567 2588; baseline -0.008 -10"><span class='ocrx_word' id='word_1_306' title='bbox 5 2540 123 2584; x_wconf 43' lang='lat' dir='ltr'>ret,</span> <span class='ocrx_word' id='word_1_307' title='bbox 159 2539 308 2573; x_wconf 86' lang='lat' dir='ltr'>certus</span> <span class='ocrx_word' id='word_1_308' title='bbox 331 2523 417 2573; x_wconf 85' lang='lat' dir='ltr'>tibi</span> <span class='ocrx_word' id='word_1_309' title='bbox 450 2523 592 2588; x_wconf 82' lang='lat' dir='ltr'>palpo</span> <span class='ocrx_word' id='word_1_310' title='bbox 615 2521 831 2573; x_wconf 84' lang='lat' dir='ltr'>manebit.</span> <span class='ocrx_word' id='word_1_311' title='bbox 903 2521 991 2570; x_wconf 77' lang='lat' dir='ltr'>vel</span> <span class='ocrx_word' id='word_1_312' title='bbox 1021 2519 1054 2568; x_wconf 87' lang='lat' dir='ltr'>fi</span> <span class='ocrx_word' id='word_1_313' title='bbox 1093 2520 1274 2570; x_wconf 66' lang='lat' dir='ltr'>tantum</span> <span class='ocrx_word' id='word_1_314' title='bbox 1304 2517 1567 2568; x_wconf 71' lang='lat' dir='ltr'>secundum</span> 
     </span>
     <span class='ocr_line' id='line_1_37' title="bbox 0 2557 1570 2655; baseline -0.006 -12"><span class='ocrx_word' id='word_1_315' title='bbox 0 2557 8 2651; x_wconf 74' lang='lat' dir='ltr'>l&#39;</span> <span class='ocrx_word' id='word_1_316' title='bbox 32 2607 160 2644; x_wconf 84' lang='lat' dir='ltr'>tuam</span> <span class='ocrx_word' id='word_1_317' title='bbox 189 2590 364 2641; x_wconf 80' lang='lat' dir='ltr'>sortem</span> <span class='ocrx_word' id='word_1_318' title='bbox 390 2605 537 2650; x_wconf 82' lang='lat' dir='ltr'>amet,</span> <span class='ocrx_word' id='word_1_319' title='bbox 566 2592 621 2637; x_wconf 90' lang='lat' dir='ltr'>de</span> <span class='ocrx_word' id='word_1_320' title='bbox 650 2608 740 2655; x_wconf 84' lang='lat' dir='ltr'>qna</span> <span class='ocrx_word' id='word_1_321' title='bbox 775 2591 939 2638; x_wconf 77' lang='lat' dir='ltr'>Poe&#39;ta:</span> <span class='ocrx_word' id='word_1_322' title='bbox 965 2589 1099 2638; x_wconf 88' lang='lat' dir='ltr'>Zoile</span> <span class='ocrx_word' id='word_1_323' title='bbox 1131 2588 1199 2636; x_wconf 88' lang='lat' dir='ltr'>vis</span> <span class='ocrx_word' id='word_1_324' title='bbox 1225 2588 1405 2637; x_wconf 85' lang='lat' dir='ltr'>causam</span> <span class='ocrx_word' id='word_1_325' title='bbox 1433 2623 1445 2645; x_wconf 91' lang='lat'><em>‚</em></span> <span class='ocrx_word' id='word_1_326' title='bbox 1486 2602 1570 2634; x_wconf 85' lang='lat' dir='ltr'>cur</span> 
     </span>
     <span class='ocr_line' id='line_1_38' title="bbox 0 2652 1571 2724; baseline -0.003 -16"><span class='ocrx_word' id='word_1_327' title='bbox 0 2652 76 2712; x_wconf 73' lang='lat' dir='ltr'>lte</span> <span class='ocrx_word' id='word_1_328' title='bbox 99 2679 199 2712; x_wconf 90' lang='lat' dir='ltr'>non</span> <span class='ocrx_word' id='word_1_329' title='bbox 229 2657 386 2711; x_wconf 78' lang='lat' dir='ltr'>noscat</span> <span class='ocrx_word' id='word_1_330' title='bbox 418 2659 632 2708; x_wconf 80' lang='lat' dir='ltr'>amicus?</span> <span class='ocrx_word' id='word_1_331' title='bbox 672 2660 788 2724; x_wconf 87' lang='lat' dir='ltr'>Spes</span> <span class='ocrx_word' id='word_1_332' title='bbox 832 2671 986 2723; x_wconf 84' lang='lat' dir='ltr'>raptas</span> <span class='ocrx_word' id='word_1_333' title='bbox 1008 2697 1023 2720; x_wconf 89' lang='lat'><em>,</em></span> <span class='ocrx_word' id='word_1_334' title='bbox 1065 2673 1160 2707; x_wconf 88' lang='lat' dir='ltr'>non</span> <span class='ocrx_word' id='word_1_335' title='bbox 1197 2670 1242 2705; x_wconf 83' lang='lat' dir='ltr'>te</span> <span class='ocrx_word' id='word_1_336' title='bbox 1272 2673 1422 2720; x_wconf 82' lang='lat' dir='ltr'>nuper</span> <span class='ocrx_word' id='word_1_337' title='bbox 1448 2671 1571 2704; x_wconf 81' lang='lat' dir='ltr'>ama·</span> 
     </span>
     <span class='ocr_line' id='line_1_39' title="bbox 0 2709 314 2801; baseline 0 -22"><span class='ocrx_word' id='word_1_338' title='bbox 0 2709 11 2801; x_wconf 43' lang='lat' dir='ltr'>ll</span> <span class='ocrx_word' id='word_1_339' title='bbox 36 2729 112 2780; x_wconf 76' lang='lat' dir='ltr'>bat</span> <span class='ocrx_word' id='word_1_340' title='bbox 144 2746 314 2782; x_wconf 81' lang='lat' dir='ltr'>amans.</span> 
     </span>
    </p>

    <p class='ocr_par' dir='ltr' id='par_1_7' title="bbox 0 2832 1500 2926">
     <span class='ocr_line' id='line_1_40' title="bbox 0 2832 1500 2926; baseline -0.001 -16"><span class='ocrx_word' id='word_1_341' title='bbox 0 2832 4 2918; x_wconf 68' lang='grc' dir='ltr'>ξ</span> <span class='ocrx_word' id='word_1_342' title='bbox 1316 2860 1500 2926; x_wconf 73' lang='lat' dir='ltr'>QUAE-</span> 
     </span>
    </p>
   </div>
   <div class='ocr_carea' id='block_1_3' title="bbox 0 1955 5 2112">
    <p class='ocr_par' dir='ltr' id='par_1_8' title="bbox 0 1955 5 2112">
     <span class='ocr_line' id='line_1_41' title="bbox 0 1955 5 2112; baseline 0 0"><span class='ocrx_word' id='word_1_343' title='bbox 0 1955 5 2112; x_wconf 95' lang='lat' dir='ltr'> </span> 
     </span>
    </p>
   </div>
   <div class='ocr_carea' id='block_1_4' title="bbox 0 2115 8 2324">
    <p class='ocr_par' dir='ltr' id='par_1_9' title="bbox 0 2115 8 2324">
     <span class='ocr_line' id='line_1_42' title="bbox 0 2115 8 2324; baseline 0 827"><span class='ocrx_word' id='word_1_344' title='bbox 0 2115 8 2324; x_wconf 95' lang='lat' dir='ltr'> </span> 
     </span>
    </p>
   </div>
   <div class='ocr_carea' id='block_1_5' title="bbox 0 2325 8 2558">
    <p class='ocr_par' dir='ltr' id='par_1_10' title="bbox 0 2325 8 2558">
     <span class='ocr_line' id='line_1_43' title="bbox 0 2325 8 2558; baseline 0 593"><span class='ocrx_word' id='word_1_345' title='bbox 0 2325 8 2558; x_wconf 95' lang='lat' dir='ltr'> </span> 
     </span>
    </p>
   </div>
  </div>
 </body>
</html>
