<?xml version="1.0" encoding="UTF-8"?>
<!DOCTYPE html PUBLIC "-//W3C//DTD XHTML 1.0 Transitional//EN"
    "http://www.w3.org/TR/xhtml1/DTD/xhtml1-transitional.dtd">
<html xmlns="http://www.w3.org/1999/xhtml" xml:lang="en" lang="en">
 <head>
  <title>
</title>
<meta http-equiv="Content-Type" content="text/html;charset=utf-8" />
  <meta name='ocr-system' content='tesseract 3.04.00' />
  <meta name='ocr-capabilities' content='ocr_page ocr_carea ocr_par ocr_line ocrx_word'/>
</head>
<body>
  <div class='ocr_page' id='page_1' title='image "./ideasapientisthe00vano_0275.png"; bbox 0 0 1832 3151; ppageno 0'>
   <div class='ocr_carea' id='block_1_1' title="bbox 0 0 1520 160">
    <p class='ocr_par' dir='ltr' id='par_1_1' title="bbox 0 0 1520 160">
     <span class='ocr_line' id='line_1_1' title="bbox 0 0 1520 160; baseline -0.002 -3"><span class='ocrx_word' id='word_1_1' title='bbox 0 0 23 121; x_wconf 57' lang='lat' dir='ltr'>i</span> <span class='ocrx_word' id='word_1_2' title='bbox 534 67 1106 160; x_wconf 47' lang='lat' dir='ltr'>fflwmssssa</span> <span class='ocrx_word' id='word_1_3' title='bbox 1412 86 1520 154; x_wconf 64' lang='lat'>125²</span> 
     </span>
    </p>
   </div>
   <div class='ocr_carea' id='block_1_2' title="bbox 0 174 1660 2707">
    <p class='ocr_par' dir='ltr' id='par_1_2' title="bbox 0 174 1660 1755">
     <span class='ocr_line' id='line_1_2' title="bbox 0 174 1603 239; baseline 0.002 -9"><span class='ocrx_word' id='word_1_4' title='bbox 0 195 17 236; x_wconf 61' lang='grc' dir='ltr'>ι</span> <span class='ocrx_word' id='word_1_5' title='bbox 76 192 180 233; x_wconf 76' lang='lat' dir='ltr'>tum</span> <span class='ocrx_word' id='word_1_6' title='bbox 225 188 301 231; x_wconf 82' lang='lat' dir='ltr'>aut</span> <span class='ocrx_word' id='word_1_7' title='bbox 340 193 436 229; x_wconf 88' lang='lat' dir='ltr'>non</span> <span class='ocrx_word' id='word_1_8' title='bbox 477 176 604 228; x_wconf 87' lang='lat' dir='ltr'>nasci</span> <span class='ocrx_word' id='word_1_9' title='bbox 638 215 650 239; x_wconf 92' lang='lat'>‚</span> <span class='ocrx_word' id='word_1_10' title='bbox 701 188 778 225; x_wconf 88' lang='lat' dir='ltr'>aut</span> <span class='ocrx_word' id='word_1_11' title='bbox 831 194 925 226; x_wconf 89' lang='lat' dir='ltr'>non</span> <span class='ocrx_word' id='word_1_12' title='bbox 980 175 1100 226; x_wconf 84' lang='lat' dir='ltr'>mori</span> <span class='ocrx_word' id='word_1_13' title='bbox 1161 174 1364 229; x_wconf 75' lang='lat' dir='ltr'>debuisse</span> <span class='ocrx_word' id='word_1_14' title='bbox 1425 177 1603 233; x_wconf 75' lang='lat' dir='ltr'>censuit</span> 
     </span>
     <span class='ocr_line' id='line_1_3' title="bbox 0 243 1604 313; baseline 0 -14"><span class='ocrx_word' id='word_1_15' title='bbox 0 250 16 303; x_wconf 70' lang='grc' dir='ltr'><em>Ξ</em></span> <span class='ocrx_word' id='word_1_16' title='bbox 83 251 296 299; x_wconf 86' lang='lat' dir='ltr'>Senatus.</span> <span class='ocrx_word' id='word_1_17' title='bbox 370 245 602 297; x_wconf 61' lang='lat' dir='ltr'>Caeterum</span> <span class='ocrx_word' id='word_1_18' title='bbox 625 248 840 310; x_wconf 76' lang='lat' dir='ltr'>rogatus,</span> <span class='ocrx_word' id='word_1_19' title='bbox 875 243 907 291; x_wconf 82' lang='lat' dir='ltr'>si</span> <span class='ocrx_word' id='word_1_20' title='bbox 928 243 1026 292; x_wconf 77' lang='lat' dir='ltr'>tuto</span> <span class='ocrx_word' id='word_1_21' title='bbox 1052 244 1215 308; x_wconf 67' lang='lat' dir='ltr'>poffic,</span> <span class='ocrx_word' id='word_1_22' title='bbox 1251 246 1459 313; x_wconf 82' lang='lat' dir='ltr'>ignoscat</span> <span class='ocrx_word' id='word_1_23' title='bbox 1477 250 1604 299; x_wconf 87' lang='lat' dir='ltr'>Prin-</span> 
     </span>
     <span class='ocr_line' id='line_1_4' title="bbox 0 311 1599 383; baseline -0.003 -11"><span class='ocrx_word' id='word_1_24' title='bbox 0 314 9 373; x_wconf 62' lang='grc' dir='ltr'>ἰ</span> <span class='ocrx_word' id='word_1_25' title='bbox 74 335 220 383; x_wconf 86' lang='lat' dir='ltr'>ceps:</span> <span class='ocrx_word' id='word_1_26' title='bbox 257 334 350 366; x_wconf 87' lang='lat' dir='ltr'>non</span> <span class='ocrx_word' id='word_1_27' title='bbox 374 315 553 379; x_wconf 84' lang='lat' dir='ltr'>semper</span> <span class='ocrx_word' id='word_1_28' title='bbox 577 312 662 378; x_wconf 72' lang='lat' dir='ltr'>(ut</span> <span class='ocrx_word' id='word_1_29' title='bbox 691 316 736 362; x_wconf 88' lang='lat' dir='ltr'>in</span> <span class='ocrx_word' id='word_1_30' title='bbox 765 311 916 378; x_wconf 88' lang='lat' dir='ltr'>parvis</span> <span class='ocrx_word' id='word_1_31' title='bbox 941 311 1150 375; x_wconf 56' lang='lat' dir='ltr'>delictis)</span> <span class='ocrx_word' id='word_1_32' title='bbox 1173 312 1280 362; x_wconf 75' lang='lat' dir='ltr'>cum</span> <span class='ocrx_word' id='word_1_33' title='bbox 1315 318 1478 379; x_wconf 75' lang='lat' dir='ltr'>possit,</span> <span class='ocrx_word' id='word_1_34' title='bbox 1514 333 1599 382; x_wconf 86' lang='lat' dir='ltr'>pu·</span> 
     </span>
     <span class='ocr_line' id='line_1_5' title="bbox 0 378 1600 448; baseline 0 -13"><span class='ocrx_word' id='word_1_35' title='bbox 0 389 13 445; x_wconf 65' lang='grc' dir='ltr'>ἰ’</span> <span class='ocrx_word' id='word_1_36' title='bbox 74 385 197 439; x_wconf 81' lang='lat' dir='ltr'>niat‚·</span> <span class='ocrx_word' id='word_1_37' title='bbox 231 384 294 433; x_wconf 84' lang='lat' dir='ltr'>fin</span> <span class='ocrx_word' id='word_1_38' title='bbox 325 397 511 448; x_wconf 84' lang='lat' dir='ltr'>parcere</span> <span class='ocrx_word' id='word_1_39' title='bbox 540 394 729 446; x_wconf 85' lang='lat' dir='ltr'>poenam</span> <span class='ocrx_word' id='word_1_40' title='bbox 774 378 916 445; x_wconf 79' lang='lat' dir='ltr'>possit</span> <span class='ocrx_word' id='word_1_41' title='bbox 949 416 961 441; x_wconf 93' lang='lat'>,</span> <span class='ocrx_word' id='word_1_42' title='bbox 1011 392 1240 445; x_wconf 87' lang='lat' dir='ltr'>temperet</span> <span class='ocrx_word' id='word_1_43' title='bbox 1305 383 1432 433; x_wconf 76' lang='lat' dir='ltr'>Absit</span> <span class='ocrx_word' id='word_1_44' title='bbox 1473 387 1600 436; x_wconf 87' lang='lat' dir='ltr'>enim</span> 
     </span>
     <span class='ocr_line' id='line_1_6' title="bbox 0 447 1599 517; baseline 0 -15"><span class='ocrx_word' id='word_1_45' title='bbox 0 450 11 512; x_wconf 62' lang='lat' dir='ltr'>{z</span> <span class='ocrx_word' id='word_1_46' title='bbox 76 449 276 510; x_wconf 78' lang='lat' dir='ltr'>saevitia‚</span> <span class='ocrx_word' id='word_1_47' title='bbox 312 466 412 515; x_wconf 83' lang='lat' dir='ltr'>quae</span> <span class='ocrx_word' id='word_1_48' title='bbox 436 467 613 515; x_wconf 75' lang='lat' dir='ltr'>paenam</span> <span class='ocrx_word' id='word_1_49' title='bbox 647 448 827 514; x_wconf 85' lang='lat' dir='ltr'>semper</span> <span class='ocrx_word' id='word_1_50' title='bbox 849 447 1038 516; x_wconf 78' lang='lat' dir='ltr'>diligit:</span> <span class='ocrx_word' id='word_1_51' title='bbox 1076 451 1351 499; x_wconf 88' lang='lat' dir='ltr'>clementem</span> <span class='ocrx_word' id='word_1_52' title='bbox 1391 455 1506 503; x_wconf 91' lang='lat' dir='ltr'>volo</span> <span class='ocrx_word' id='word_1_53' title='bbox 1529 452 1599 517; x_wconf 79' lang='lat' dir='ltr'>ju</span> 
     </span>
     <span class='ocr_line' id='line_1_7' title="bbox 0 517 1596 584; baseline -0.001 -13"><span class='ocrx_word' id='word_1_54' title='bbox 0 518 10 584; x_wconf 62' lang='grc' dir='ltr'>ξ’</span> <span class='ocrx_word' id='word_1_55' title='bbox 74 521 242 571; x_wconf 82' lang='lat' dir='ltr'>stitiam</span> <span class='ocrx_word' id='word_1_56' title='bbox 261 552 277 582; x_wconf 81' lang='lat'>‚</span> <span class='ocrx_word' id='word_1_57' title='bbox 313 530 411 583; x_wconf 66' lang='lat' dir='ltr'>quat</span> <span class='ocrx_word' id='word_1_58' title='bbox 435 518 710 584; x_wconf 66' lang='lat' dir='ltr'>poenitentia</span> <span class='ocrx_word' id='word_1_59' title='bbox 739 517 931 582; x_wconf 71' lang='lat' dir='ltr'>saepiuS‚</span> <span class='ocrx_word' id='word_1_60' title='bbox 971 521 1107 582; x_wconf 65' lang='lat' dir='ltr'>quam</span> <span class='ocrx_word' id='word_1_61' title='bbox 1129 520 1266 582; x_wconf 65' lang='lat' dir='ltr'>pcenfi</span> <span class='ocrx_word' id='word_1_62' title='bbox 1290 532 1509 572; x_wconf 83' lang='lat' dir='ltr'>contenta</span> <span class='ocrx_word' id='word_1_63' title='bbox 1530 521 1596 572; x_wconf 81' lang='lat' dir='ltr'>fit.</span> 
     </span>
     <span class='ocr_line' id='line_1_8' title="bbox 0 586 1602 655; baseline 0.001 -17"><span class='ocrx_word' id='word_1_64' title='bbox 0 590 5 651; x_wconf 71' lang='grc' dir='ltr'><em>ζ</em></span> <span class='ocrx_word' id='word_1_65' title='bbox 77 589 168 638; x_wconf 90' lang='lat' dir='ltr'>Vel-</span> <span class='ocrx_word' id='word_1_66' title='bbox 199 587 326 638; x_wconf 71' lang='lat' dir='ltr'>certe</span> <span class='ocrx_word' id='word_1_67' title='bbox 349 588 373 636; x_wconf 70' lang='lat' dir='ltr'>a</span> <span class='ocrx_word' id='word_1_68' title='bbox 394 601 484 652; x_wconf 66' lang='lat' dir='ltr'>qua</span> <span class='ocrx_word' id='word_1_69' title='bbox 514 586 570 637; x_wconf 84' lang='lat' dir='ltr'>ad</span> <span class='ocrx_word' id='word_1_70' title='bbox 605 603 785 653; x_wconf 85' lang='lat' dir='ltr'>paucos</span> <span class='ocrx_word' id='word_1_71' title='bbox 822 601 981 651; x_wconf 79' lang='lat' dir='ltr'>paena,</span> <span class='ocrx_word' id='word_1_72' title='bbox 1021 599 1172 635; x_wconf 86' lang='lat' dir='ltr'>metus</span> <span class='ocrx_word' id='word_1_73' title='bbox 1205 586 1260 636; x_wconf 83' lang='lat' dir='ltr'>ad</span> <span class='ocrx_word' id='word_1_74' title='bbox 1304 604 1465 641; x_wconf 88' lang='lat' dir='ltr'>omnes</span> <span class='ocrx_word' id='word_1_75' title='bbox 1498 607 1602 655; x_wconf 83' lang='lat' dir='ltr'>per·</span> 
     </span>
     <span class='ocr_line' id='line_1_9' title="bbox 0 655 238 708; baseline -0.017 -1"><span class='ocrx_word' id='word_1_76' title='bbox 0 670 7 707; x_wconf 65' lang='lat' dir='ltr'>l</span> <span class='ocrx_word' id='word_1_77' title='bbox 70 655 238 708; x_wconf 71' lang='lat' dir='ltr'>veniat.</span> 
     </span>
     <span class='ocr_line' id='line_1_10' title="bbox 182 716 1600 790; baseline 0.004 -17"><span class='ocrx_word' id='word_1_78' title='bbox 182 719 479 790; x_wconf 47' lang='lat' dir='ltr'>Constantia,</span> <span class='ocrx_word' id='word_1_79' title='bbox 516 735 653 787; x_wconf 88' lang='lat' dir='ltr'>quem</span> <span class='ocrx_word' id='word_1_80' title='bbox 687 723 829 772; x_wconf 88' lang='lat' dir='ltr'>virtus</span> <span class='ocrx_word' id='word_1_81' title='bbox 858 716 1035 786; x_wconf 82' lang='lat' dir='ltr'>reliqua</span> <span class='ocrx_word' id='word_1_82' title='bbox 1071 720 1287 773; x_wconf 88' lang='lat' dir='ltr'>secundis</span> <span class='ocrx_word' id='word_1_83' title='bbox 1319 725 1491 776; x_wconf 71' lang='lat' dir='ltr'>casibus</span> <span class='ocrx_word' id='word_1_84' title='bbox 1526 724 1600 778; x_wconf 78' lang='lat' dir='ltr'>fir-</span> 
     </span>
     <span class='ocr_line' id='line_1_11' title="bbox 0 785 1599 860; baseline 0.003 -16"><span class='ocrx_word' id='word_1_85' title='bbox 0 785 1 790; x_wconf 26' lang='lat'><em>*</em></span> <span class='ocrx_word' id='word_1_86' title='bbox 73 803 198 852; x_wconf 84' lang='lat' dir='ltr'>mat,</span> <span class='ocrx_word' id='word_1_87' title='bbox 233 792 428 843; x_wconf 80' lang='lat' dir='ltr'>adversis</span> <span class='ocrx_word' id='word_1_88' title='bbox 473 789 816 841; x_wconf 85' lang='lat' dir='ltr'>adamantinum</span> <span class='ocrx_word' id='word_1_89' title='bbox 859 790 1027 840; x_wconf 82' lang='lat' dir='ltr'><strong>reddit.</strong></span> <span class='ocrx_word' id='word_1_90' title='bbox 1099 790 1217 841; x_wconf 87' lang='lat' dir='ltr'>Non</span> <span class='ocrx_word' id='word_1_91' title='bbox 1251 791 1433 860; x_wconf 79' lang='lat' dir='ltr'><strong>semper</strong></span> <span class='ocrx_word' id='word_1_92' title='bbox 1474 813 1599 849; x_wconf 84' lang='lat' dir='ltr'>mare</span> 
     </span>
     <span class='ocr_line' id='line_1_12' title="bbox 70 857 1595 923; baseline 0.003 -9"><span class='ocrx_word' id='word_1_93' title='bbox 70 863 285 919; x_wconf 63' lang='lat' dir='ltr'>aestuum,</span> <span class='ocrx_word' id='word_1_94' title='bbox 326 863 488 910; x_wconf 76' lang='lat' dir='ltr'>caelum</span> <span class='ocrx_word' id='word_1_95' title='bbox 513 858 836 923; x_wconf 87' lang='lat' dir='ltr'>tempestatum</span> <span class='ocrx_word' id='word_1_96' title='bbox 864 857 928 908; x_wconf 87' lang='lat' dir='ltr'>est</span> <span class='ocrx_word' id='word_1_97' title='bbox 955 872 1147 923; x_wconf 70' lang='lat' dir='ltr'>expers,</span> <span class='ocrx_word' id='word_1_98' title='bbox 1186 859 1299 910; x_wconf 78' lang='lat' dir='ltr'>baiis</span> <span class='ocrx_word' id='word_1_99' title='bbox 1322 864 1595 918; x_wconf 72' lang='lat' dir='ltr'>Constantia</span> 
     </span>
     <span class='ocr_line' id='line_1_13' title="bbox 68 923 1597 995; baseline 0.005 -15"><span class='ocrx_word' id='word_1_100' title='bbox 68 931 134 980; x_wconf 86' lang='lat' dir='ltr'>est</span> <span class='ocrx_word' id='word_1_101' title='bbox 167 931 373 994; x_wconf 87' lang='lat' dir='ltr'>Principi</span> <span class='ocrx_word' id='word_1_102' title='bbox 405 944 419 989; x_wconf 68' lang='grc' dir='ltr'><strong>ς</strong></span> <span class='ocrx_word' id='word_1_103' title='bbox 452 926 516 977; x_wconf 85' lang='lat' dir='ltr'>sui</span> <span class='ocrx_word' id='word_1_104' title='bbox 547 923 730 977; x_wconf 85' lang='lat' dir='ltr'>securus</span> <span class='ocrx_word' id='word_1_105' title='bbox 743 924 995 991; x_wconf 83' lang='lat' dir='ltr'>splendoris</span> <span class='ocrx_word' id='word_1_106' title='bbox 1022 963 1035 986; x_wconf 87' lang='lat'>,</span> <span class='ocrx_word' id='word_1_107' title='bbox 1082 928 1372 995; x_wconf 86' lang='lat' dir='ltr'>tempestates</span> <span class='ocrx_word' id='word_1_108' title='bbox 1398 941 1597 987; x_wconf 73' lang='lat' dir='ltr'>coercet.</span> 
     </span>
     <span class='ocr_line' id='line_1_14' title="bbox 0 996 1599 1114; baseline 0.001 -67"><span class='ocrx_word' id='word_1_109' title='bbox 0 996 2 1002; x_wconf 77' lang='grc'><strong>’</strong></span> <span class='ocrx_word' id='word_1_110' title='bbox 69 998 187 1114; x_wconf 53' lang='grc' dir='ltr'>ἔαγε</span> <span class='ocrx_word' id='word_1_111' title='bbox 223 999 360 1047; x_wconf 82' lang='lat' dir='ltr'>lauris</span> <span class='ocrx_word' id='word_1_112' title='bbox 395 996 537 1047; x_wconf 84' lang='lat' dir='ltr'>cinxit</span> <span class='ocrx_word' id='word_1_113' title='bbox 565 1011 812 1046; x_wconf 86' lang='lat' dir='ltr'>coronatos</span> <span class='ocrx_word' id='word_1_114' title='bbox 841 996 1038 1046; x_wconf 87' lang='lat' dir='ltr'>vertices</span> <span class='ocrx_word' id='word_1_115' title='bbox 1078 998 1322 1063; x_wconf 83' lang='lat' dir='ltr'>antiquitas</span> <span class='ocrx_word' id='word_1_116' title='bbox 1351 1036 1362 1059; x_wconf 66' lang='lat'>2</span> <span class='ocrx_word' id='word_1_117' title='bbox 1393 1000 1599 1052; x_wconf 80' lang='lat' dir='ltr'>fulmini.-</span> 
     </span>
     <span class='ocr_line' id='line_1_15' title="bbox 107 1063 1598 1134; baseline 0.004 -18"><span class='ocrx_word' id='word_1_118' title='bbox 107 1085 159 1116; x_wconf 89' lang='lat' dir='ltr'>us</span> <span class='ocrx_word' id='word_1_119' title='bbox 189 1068 383 1129; x_wconf 86' lang='lat' dir='ltr'>majores</span> <span class='ocrx_word' id='word_1_120' title='bbox 402 1100 415 1125; x_wconf 90' lang='lat'>‚</span> <span class='ocrx_word' id='word_1_121' title='bbox 451 1063 502 1113; x_wconf 72' lang='grc' dir='ltr'><strong>ἃ</strong></span> <span class='ocrx_word' id='word_1_122' title='bbox 524 1064 799 1114; x_wconf 86' lang='lat' dir='ltr'>constantes.</span> <span class='ocrx_word' id='word_1_123' title='bbox 868 1064 1017 1115; x_wconf 85' lang='lat' dir='ltr'>Cadat</span> <span class='ocrx_word' id='word_1_124' title='bbox 1045 1064 1291 1130; x_wconf 86' lang='lat' dir='ltr'>imperium</span> <span class='ocrx_word' id='word_1_125' title='bbox 1312 1068 1494 1121; x_wconf 76' lang='lat' dir='ltr'>necesse</span> <span class='ocrx_word' id='word_1_126' title='bbox 1516 1072 1598 1134; x_wconf 85' lang='lat' dir='ltr'>est,</span> 
     </span>
     <span class='ocr_line' id='line_1_16' title="bbox 70 1131 1596 1200; baseline 0.004 -16"><span class='ocrx_word' id='word_1_127' title='bbox 70 1134 203 1200; x_wconf 89' lang='lat' dir='ltr'>quod</span> <span class='ocrx_word' id='word_1_128' title='bbox 233 1131 414 1184; x_wconf 85' lang='lat' dir='ltr'>arundo</span> <span class='ocrx_word' id='word_1_129' title='bbox 425 1168 445 1192; x_wconf 61' lang='lat'><em>2</em></span> <span class='ocrx_word' id='word_1_130' title='bbox 483 1133 654 1198; x_wconf 86' lang='lat' dir='ltr'>quovis</span> <span class='ocrx_word' id='word_1_131' title='bbox 679 1133 850 1182; x_wconf 85' lang='lat' dir='ltr'>Martis</span> <span class='ocrx_word' id='word_1_132' title='bbox 869 1163 885 1192; x_wconf 87' lang='lat'>,</span> <span class='ocrx_word' id='word_1_133' title='bbox 924 1147 999 1183; x_wconf 91' lang='lat' dir='ltr'>aut</span> <span class='ocrx_word' id='word_1_134' title='bbox 1034 1134 1246 1185; x_wconf 84' lang='lat' dir='ltr'>Fortunae</span> <span class='ocrx_word' id='word_1_135' title='bbox 1275 1136 1459 1188; x_wconf 83' lang='lat' dir='ltr'>turbine</span> <span class='ocrx_word' id='word_1_136' title='bbox 1497 1158 1596 1190; x_wconf 88' lang='lat' dir='ltr'>mo·</span> 
     </span>
     <span class='ocr_line' id='line_1_17' title="bbox 65 1199 1600 1273; baseline 0.003 -20"><span class='ocrx_word' id='word_1_137' title='bbox 65 1201 175 1254; x_wconf 88' lang='lat' dir='ltr'>bilis</span> <span class='ocrx_word' id='word_1_138' title='bbox 211 1200 451 1253; x_wconf 80' lang='lat' dir='ltr'>succollat.</span> <span class='ocrx_word' id='word_1_139' title='bbox 513 1202 603 1251; x_wconf 88' lang='lat' dir='ltr'>Sed</span> <span class='ocrx_word' id='word_1_140' title='bbox 639 1199 791 1250; x_wconf 84' lang='lat' dir='ltr'>&amp;illa</span> <span class='ocrx_word' id='word_1_141' title='bbox 824 1199 1078 1252; x_wconf 87' lang='lat' dir='ltr'>constantia</span> <span class='ocrx_word' id='word_1_142' title='bbox 1117 1203 1250 1253; x_wconf 85' lang='lat' dir='ltr'>cordi</span> <span class='ocrx_word' id='word_1_143' title='bbox 1277 1203 1329 1254; x_wconf 86' lang='lat' dir='ltr'>fit</span> <span class='ocrx_word' id='word_1_144' title='bbox 1361 1208 1566 1273; x_wconf 84' lang='lat' dir='ltr'>Principi</span> <span class='ocrx_word' id='word_1_145' title='bbox 1586 1244 1600 1270; x_wconf 84' lang='lat'>,</span> 
     </span>
     <span class='ocr_line' id='line_1_18' title="bbox 67 1266 1594 1342; baseline 0.004 -20"><span class='ocrx_word' id='word_1_146' title='bbox 67 1290 169 1339; x_wconf 79' lang='lat' dir='ltr'>quae</span> <span class='ocrx_word' id='word_1_147' title='bbox 210 1273 401 1337; x_wconf 79' lang='lat' dir='ltr'>aequales</span> <span class='ocrx_word' id='word_1_148' title='bbox 438 1266 621 1335; x_wconf 80' lang='lat' dir='ltr'>semper</span> <span class='ocrx_word' id='word_1_149' title='bbox 662 1268 861 1319; x_wconf 84' lang='lat' dir='ltr'>habenas</span> <span class='ocrx_word' id='word_1_150' title='bbox 907 1268 1187 1320; x_wconf 83' lang='lat' dir='ltr'>moderetur.</span> <span class='ocrx_word' id='word_1_151' title='bbox 1283 1276 1594 1342; x_wconf 71' lang='lat' dir='ltr'>Praeterq‘uam</span> 
     </span>
     <span class='ocr_line' id='line_1_19' title="bbox 67 1333 1593 1410; baseline 0.004 -19"><span class='ocrx_word' id='word_1_152' title='bbox 67 1341 221 1399; x_wconf 86' lang='lat' dir='ltr'>euim,</span> <span class='ocrx_word' id='word_1_153' title='bbox 259 1339 385 1405; x_wconf 76' lang='lat' dir='ltr'>quod</span> <span class='ocrx_word' id='word_1_154' title='bbox 407 1336 592 1388; x_wconf 85' lang='lat' dir='ltr'>vilescat</span> <span class='ocrx_word' id='word_1_155' title='bbox 626 1337 847 1402; x_wconf 87' lang='lat' dir='ltr'>Princeps</span> <span class='ocrx_word' id='word_1_156' title='bbox 875 1378 887 1402; x_wconf 87' lang='lat'>‚</span> <span class='ocrx_word' id='word_1_157' title='bbox 928 1333 1008 1405; x_wconf 86' lang='lat' dir='ltr'>qui</span> <span class='ocrx_word' id='word_1_158' title='bbox 1033 1378 1044 1400; x_wconf 91' lang='lat'>‚</span> <span class='ocrx_word' id='word_1_159' title='bbox 1081 1357 1179 1404; x_wconf 83' lang='lat' dir='ltr'>quae</span> <span class='ocrx_word' id='word_1_160' title='bbox 1217 1337 1420 1405; x_wconf 77' lang='lat' dir='ltr'>jusserit,</span> <span class='ocrx_word' id='word_1_161' title='bbox 1454 1360 1593 1410; x_wconf 85' lang='lat' dir='ltr'>vetat,</span> 
     </span>
     <span class='ocr_line' id='line_1_20' title="bbox 69 1405 1599 1479; baseline 0.003 -19"><span class='ocrx_word' id='word_1_162' title='bbox 69 1427 169 1476; x_wconf 85' lang='lat' dir='ltr'>quae</span> <span class='ocrx_word' id='word_1_163' title='bbox 196 1407 414 1469; x_wconf 87' lang='lat' dir='ltr'>vetuerit,</span> <span class='ocrx_word' id='word_1_164' title='bbox 459 1405 606 1471; x_wconf 85' lang='lat' dir='ltr'>jubet.</span> <span class='ocrx_word' id='word_1_165' title='bbox 676 1407 866 1457; x_wconf 86' lang='lat' dir='ltr'>Accidit</span> <span class='ocrx_word' id='word_1_166' title='bbox 891 1407 1206 1471; x_wconf 82' lang='lat' dir='ltr'>Reipublicae‚</span> <span class='ocrx_word' id='word_1_167' title='bbox 1246 1409 1297 1459; x_wconf 69' lang='grc' dir='ltr'>ἃ</span> <span class='ocrx_word' id='word_1_168' title='bbox 1326 1411 1508 1479; x_wconf 84' lang='lat' dir='ltr'>legibus</span> <span class='ocrx_word' id='word_1_169' title='bbox 1527 1415 1599 1465; x_wconf 86' lang='lat' dir='ltr'>in·</span> 
     </span>
     <span class='ocr_line' id='line_1_21' title="bbox 66 1474 1596 1548; baseline 0.003 -18"><span class='ocrx_word' id='word_1_170' title='bbox 66 1478 281 1538; x_wconf 83' lang='lat' dir='ltr'>novatis,</span> <span class='ocrx_word' id='word_1_171' title='bbox 317 1474 443 1542; x_wconf 89' lang='lat' dir='ltr'>quod</span> <span class='ocrx_word' id='word_1_172' title='bbox 491 1478 658 1525; x_wconf 82' lang='lat' dir='ltr'>Plantae</span> <span class='ocrx_word' id='word_1_173' title='bbox 694 1492 705 1524; x_wconf 74' lang='grc' dir='ltr'><strong><em>ε</em></strong></span> <span class='ocrx_word' id='word_1_174' title='bbox 763 1491 863 1539; x_wconf 80' lang='lat' dir='ltr'>quae</span> <span class='ocrx_word' id='word_1_175' title='bbox 895 1490 994 1525; x_wconf 87' lang='lat' dir='ltr'>non</span> <span class='ocrx_word' id='word_1_176' title='bbox 1024 1476 1332 1540; x_wconf 87' lang='lat' dir='ltr'>convalescit,</span> <span class='ocrx_word' id='word_1_177' title='bbox 1367 1481 1399 1531; x_wconf 84' lang='lat' dir='ltr'><strong>fi</strong></span> <span class='ocrx_word' id='word_1_178' title='bbox 1435 1478 1596 1548; x_wconf 70' lang='lat' dir='ltr'>saepius</span> 
     </span>
     <span class='ocr_line' id='line_1_22' title="bbox 68 1542 1660 1615; baseline 0.006 -23"><span class='ocrx_word' id='word_1_179' title='bbox 68 1544 377 1598; x_wconf 78' lang='lat' dir='ltr'>transferatur.</span> <span class='ocrx_word' id='word_1_180' title='bbox 420 1542 547 1594; x_wconf 76' lang='lat' dir='ltr'>Cum</span> <span class='ocrx_word' id='word_1_181' title='bbox 573 1556 750 1593; x_wconf 83' lang='lat' dir='ltr'>certum</span> <span class='ocrx_word' id='word_1_182' title='bbox 782 1543 898 1593; x_wconf 88' lang='lat' dir='ltr'>illud</span> <span class='ocrx_word' id='word_1_183' title='bbox 920 1542 975 1592; x_wconf 84' lang='lat' dir='ltr'>fit</span> <span class='ocrx_word' id='word_1_184' title='bbox 1001 1546 1183 1595; x_wconf 82' lang='lat' dir='ltr'>Taciti:</span> <span class='ocrx_word' id='word_1_185' title='bbox 1207 1545 1445 1615; x_wconf 71' lang='lat' dir='ltr'>ferefitper</span> <span class='ocrx_word' id='word_1_186' title='bbox 1457 1555 1598 1601; x_wconf 86' lang='lat' dir='ltr'>omni-</span> <span class='ocrx_word' id='word_1_187' title='bbox 1648 1562 1660 1580; x_wconf 74' lang='lat'>¹¹</span> 
     </span>
     <span class='ocr_line' id='line_1_23' title="bbox 74 1612 1594 1685; baseline 0.003 -20"><span class='ocrx_word' id='word_1_188' title='bbox 74 1613 157 1665; x_wconf 83' lang='lat' dir='ltr'>bus</span> <span class='ocrx_word' id='word_1_189' title='bbox 190 1616 385 1683; x_wconf 81' lang='lat' dir='ltr'>negotiis</span> <span class='ocrx_word' id='word_1_190' title='bbox 409 1612 569 1662; x_wconf 62' lang='lat' dir='ltr'>melicis</span> <span class='ocrx_word' id='word_1_191' title='bbox 600 1653 616 1677; x_wconf 83' lang='lat'><em>‚</em></span> <span class='ocrx_word' id='word_1_192' title='bbox 670 1613 983 1680; x_wconf 57' lang='lat' dir='ltr'>atquereflizks</span> <span class='ocrx_word' id='word_1_193' title='bbox 1007 1630 1215 1664; x_wconf 84' lang='lat' dir='ltr'>veterum</span> <span class='ocrx_word' id='word_1_194' title='bbox 1245 1618 1391 1685; x_wconf 82' lang='lat' dir='ltr'>legum</span> <span class='ocrx_word' id='word_1_195' title='bbox 1399 1619 1594 1685; x_wconf 79' lang='lat' dir='ltr'>statutis</span> 
     </span>
     <span class='ocr_line' id='line_1_24' title="bbox 70 1680 417 1755; baseline -0.009 -21"><span class='ocrx_word' id='word_1_196' title='bbox 70 1683 151 1755; x_wconf 63' lang='lat' dir='ltr'>este</span> <span class='ocrx_word' id='word_1_197' title='bbox 168 1680 417 1751; x_wconf 72' lang='lat' dir='ltr'>provifitm.</span> 
     </span>
    </p>

    <p class='ocr_par' dir='ltr' id='par_1_3' title="bbox 63 1748 1597 2367">
     <span class='ocr_line' id='line_1_25' title="bbox 174 1748 1596 1825; baseline 0.004 -22"><span class='ocrx_word' id='word_1_198' title='bbox 174 1752 417 1803; x_wconf 80' lang='lat' dir='ltr'>Fortitudo</span> <span class='ocrx_word' id='word_1_199' title='bbox 455 1768 627 1820; x_wconf 85' lang='lat' dir='ltr'>agmen</span> <span class='ocrx_word' id='word_1_200' title='bbox 663 1748 849 1801; x_wconf 84' lang='lat' dir='ltr'>claudat</span> <span class='ocrx_word' id='word_1_201' title='bbox 910 1749 1150 1802; x_wconf 87' lang='lat' dir='ltr'>virtutum.</span> <span class='ocrx_word' id='word_1_202' title='bbox 1262 1754 1418 1825; x_wconf 84' lang='lat' dir='ltr'>Agere</span> <span class='ocrx_word' id='word_1_203' title='bbox 1456 1752 1596 1809; x_wconf 83' lang='lat' dir='ltr'>fortia</span> 
     </span>
     <span class='ocr_line' id='line_1_26' title="bbox 63 1818 1597 1891; baseline 0.003 -19"><span class='ocrx_word' id='word_1_204' title='bbox 63 1822 383 1876; x_wconf 84' lang='lat' dir='ltr'>Romanorum</span> <span class='ocrx_word' id='word_1_205' title='bbox 419 1821 534 1871; x_wconf 88' lang='lat' dir='ltr'>olim</span> <span class='ocrx_word' id='word_1_206' title='bbox 564 1820 827 1885; x_wconf 86' lang='lat' dir='ltr'>Principum</span> <span class='ocrx_word' id='word_1_207' title='bbox 861 1818 1006 1870; x_wconf 86' lang='lat' dir='ltr'>hodie</span> <span class='ocrx_word' id='word_1_208' title='bbox 1033 1839 1314 1891; x_wconf 85' lang='lat' dir='ltr'>magnorum</span> <span class='ocrx_word' id='word_1_209' title='bbox 1333 1827 1387 1876; x_wconf 83' lang='lat' dir='ltr'>fit</span> <span class='ocrx_word' id='word_1_210' title='bbox 1422 1826 1597 1887; x_wconf 69' lang='lat' dir='ltr'>tessera,</span> 
     </span>
     <span class='ocr_line' id='line_1_27' title="bbox 65 1887 1594 1958; baseline 0.003 -17"><span class='ocrx_word' id='word_1_211' title='bbox 65 1888 100 1941; x_wconf 83' lang='lat' dir='ltr'>fi</span> <span class='ocrx_word' id='word_1_212' title='bbox 128 1888 221 1939; x_wconf 89' lang='lat' dir='ltr'>hoc</span> <span class='ocrx_word' id='word_1_213' title='bbox 247 1891 442 1940; x_wconf 87' lang='lat' dir='ltr'>nomine</span> <span class='ocrx_word' id='word_1_214' title='bbox 474 1888 606 1958; x_wconf 82' lang='lat' dir='ltr'>digni</span> <span class='ocrx_word' id='word_1_215' title='bbox 629 1887 716 1938; x_wconf 82' lang='lat' dir='ltr'>effe</span> <span class='ocrx_word' id='word_1_216' title='bbox 749 1887 956 1953; x_wconf 87' lang='lat' dir='ltr'>cupiant.</span> <span class='ocrx_word' id='word_1_217' title='bbox 1040 1893 1213 1942; x_wconf 88' lang='lat' dir='ltr'>Leonis</span> <span class='ocrx_word' id='word_1_218' title='bbox 1259 1892 1357 1943; x_wconf 67' lang='lat' dir='ltr'>fere</span> <span class='ocrx_word' id='word_1_219' title='bbox 1390 1896 1561 1945; x_wconf 84' lang='lat' dir='ltr'>exuviae</span> <span class='ocrx_word' id='word_1_220' title='bbox 1581 1930 1594 1955; x_wconf 91' lang='lat'>,</span> 
     </span>
     <span class='ocr_line' id='line_1_28' title="bbox 66 1955 1597 2019; baseline 0.005 -12"><span class='ocrx_word' id='word_1_221' title='bbox 66 1955 124 2007; x_wconf 71' lang='grc' dir='ltr'>ἃ</span> <span class='ocrx_word' id='word_1_222' title='bbox 144 1960 269 2009; x_wconf 83' lang='lat' dir='ltr'>clava</span> <span class='ocrx_word' id='word_1_223' title='bbox 291 1958 501 2009; x_wconf 86' lang='lat' dir='ltr'>Herculis</span> <span class='ocrx_word' id='word_1_224' title='bbox 518 1957 604 2008; x_wconf 86' lang='lat' dir='ltr'>hos</span> <span class='ocrx_word' id='word_1_225' title='bbox 620 1957 815 2019; x_wconf 83' lang='lat' dir='ltr'>decent,</span> <span class='ocrx_word' id='word_1_226' title='bbox 851 1955 948 2007; x_wconf 91' lang='lat' dir='ltr'>solo</span> <span class='ocrx_word' id='word_1_227' title='bbox 975 1958 1113 2008; x_wconf 90' lang='lat' dir='ltr'>etiam</span> <span class='ocrx_word' id='word_1_228' title='bbox 1127 1963 1324 2013; x_wconf 89' lang='lat' dir='ltr'>nomine</span> <span class='ocrx_word' id='word_1_229' title='bbox 1342 1963 1597 2014; x_wconf 85' lang='lat' dir='ltr'>formidan-</span> 
     </span>
     <span class='ocr_line' id='line_1_29' title="bbox 66 2025 1591 2097; baseline 0.003 -21"><span class='ocrx_word' id='word_1_230' title='bbox 66 2025 189 2085; x_wconf 85' lang='lat' dir='ltr'>dos;</span> <span class='ocrx_word' id='word_1_231' title='bbox 221 2042 504 2091; x_wconf 85' lang='lat' dir='ltr'>quamquam</span> <span class='ocrx_word' id='word_1_232' title='bbox 536 2025 641 2076; x_wconf 86' lang='lat' dir='ltr'>belli</span> <span class='ocrx_word' id='word_1_233' title='bbox 672 2026 987 2094; x_wconf 84' lang='lat' dir='ltr'>stratagemata</span> <span class='ocrx_word' id='word_1_234' title='bbox 1018 2029 1258 2094; x_wconf 88' lang='lat' dir='ltr'>vulpinum</span> <span class='ocrx_word' id='word_1_235' title='bbox 1283 2031 1470 2097; x_wconf 71' lang='lat' dir='ltr'>quoque</span> <span class='ocrx_word' id='word_1_236' title='bbox 1504 2030 1591 2081; x_wconf 84' lang='lat' dir='ltr'>suo</span> 
     </span>
     <span class='ocr_line' id='line_1_30' title="bbox 64 2092 1595 2166; baseline 0.003 -21"><span class='ocrx_word' id='word_1_237' title='bbox 64 2107 286 2161; x_wconf 83' lang='lat' dir='ltr'>tempore</span> <span class='ocrx_word' id='word_1_238' title='bbox 322 2112 418 2145; x_wconf 87' lang='lat' dir='ltr'>non</span> <span class='ocrx_word' id='word_1_239' title='bbox 456 2092 663 2146; x_wconf 87' lang='lat' dir='ltr'>recusent</span> <span class='ocrx_word' id='word_1_240' title='bbox 696 2095 861 2160; x_wconf 90' lang='lat' dir='ltr'>pilum.</span> <span class='ocrx_word' id='word_1_241' title='bbox 930 2096 1163 2148; x_wconf 87' lang='lat' dir='ltr'>Verentur</span> <span class='ocrx_word' id='word_1_242' title='bbox 1203 2100 1465 2166; x_wconf 86' lang='lat' dir='ltr'>Principem</span> <span class='ocrx_word' id='word_1_243' title='bbox 1500 2099 1595 2151; x_wconf 88' lang='lat' dir='ltr'>for·</span> 
     </span>
     <span class='ocr_line' id='line_1_31' title="bbox 67 2161 1590 2236; baseline 0.005 -25"><span class='ocrx_word' id='word_1_244' title='bbox 67 2174 163 2213; x_wconf 83' lang='lat' dir='ltr'>tem</span> <span class='ocrx_word' id='word_1_245' title='bbox 187 2162 341 2214; x_wconf 86' lang='lat' dir='ltr'>hostes</span> <span class='ocrx_word' id='word_1_246' title='bbox 367 2197 380 2222; x_wconf 91' lang='lat'>,</span> <span class='ocrx_word' id='word_1_247' title='bbox 416 2165 556 2230; x_wconf 69' lang='lat' dir='ltr'>quam</span> <span class='ocrx_word' id='word_1_248' title='bbox 594 2161 923 2234; x_wconf 86' lang='lat' dir='ltr'>aggrediendo</span> <span class='ocrx_word' id='word_1_249' title='bbox 960 2180 1145 2216; x_wconf 89' lang='lat' dir='ltr'>cautum</span> <span class='ocrx_word' id='word_1_250' title='bbox 1174 2202 1186 2226; x_wconf 93' lang='lat'>‚</span> <span class='ocrx_word' id='word_1_251' title='bbox 1223 2165 1275 2217; x_wconf 87' lang='lat'>&amp;</span> <span class='ocrx_word' id='word_1_252' title='bbox 1308 2168 1590 2236; x_wconf 84' lang='lat' dir='ltr'>providum,</span> 
     </span>
     <span class='ocr_line' id='line_1_32' title="bbox 66 2229 1592 2306; baseline 0.005 -26"><span class='ocrx_word' id='word_1_253' title='bbox 66 2229 422 2301; x_wconf 81' lang='lat' dir='ltr'>tamfiagressus</span> <span class='ocrx_word' id='word_1_254' title='bbox 443 2231 517 2291; x_wconf 81' lang='lat' dir='ltr'>fit,</span> <span class='ocrx_word' id='word_1_255' title='bbox 548 2234 712 2284; x_wconf 88' lang='lat' dir='ltr'>cedere</span> <span class='ocrx_word' id='word_1_256' title='bbox 738 2229 976 2296; x_wconf 86' lang='lat' dir='ltr'>nescium,</span> <span class='ocrx_word' id='word_1_257' title='bbox 999 2231 1054 2282; x_wconf 66' lang='grc' dir='ltr'>ὃς</span> <span class='ocrx_word' id='word_1_258' title='bbox 1073 2235 1313 2287; x_wconf 63' lang='lat' dir='ltr'>invictum.</span> <span class='ocrx_word' id='word_1_259' title='bbox 1352 2241 1592 2306; x_wconf 73' lang='lat' dir='ltr'>Qiantum</span> 
     </span>
     <span class='ocr_line' id='line_1_33' title="bbox 64 2298 1591 2367; baseline 0.003 -17"><span class='ocrx_word' id='word_1_260' title='bbox 64 2313 282 2351; x_wconf 86' lang='lat' dir='ltr'>verentur</span> <span class='ocrx_word' id='word_1_261' title='bbox 302 2299 371 2350; x_wconf 88' lang='lat' dir='ltr'>isti</span> <span class='ocrx_word' id='word_1_262' title='bbox 398 2339 411 2364; x_wconf 90' lang='lat'>,</span> <span class='ocrx_word' id='word_1_263' title='bbox 445 2299 626 2352; x_wconf 71' lang='lat' dir='ltr'>tantum</span> <span class='ocrx_word' id='word_1_264' title='bbox 652 2298 900 2353; x_wconf 82' lang='lat' dir='ltr'>confidunt</span> <span class='ocrx_word' id='word_1_265' title='bbox 928 2304 1078 2361; x_wconf 81' lang='lat' dir='ltr'>civeS,</span> <span class='ocrx_word' id='word_1_266' title='bbox 1114 2303 1290 2354; x_wconf 89' lang='lat' dir='ltr'>nubem</span> <span class='ocrx_word' id='word_1_267' title='bbox 1318 2304 1591 2367; x_wconf 75' lang='lat' dir='ltr'>credentes,</span> 
     </span>
    </p>

    <p class='ocr_par' dir='ltr' id='par_1_4' title="bbox 27 2364 1593 2707">
     <span class='ocr_line' id='line_1_34' title="bbox 63 2368 1593 2438; baseline 0.004 -19.862"><span class='ocrx_word' id='word_1_268' title='bbox 63 2383 165 2434; x_wconf 80' lang='lat' dir='ltr'>quae</span> <span class='ocrx_word' id='word_1_269' title='bbox 192 2384 302 2418; x_wconf 88' lang='lat' dir='ltr'>cum</span> <span class='ocrx_word' id='word_1_270' title='bbox 337 2386 508 2438; x_wconf 86' lang='lat' dir='ltr'>magno</span> <span class='ocrx_word' id='word_1_271' title='bbox 539 2368 624 2422; x_wconf 85' lang='lat' dir='ltr'>illo</span> <span class='ocrx_word' id='word_1_272' title='bbox 673 2369 961 2420; x_wconf 62' lang='lat' dir='ltr'>Cunctatore</span> <span class='ocrx_word' id='word_1_273' title='bbox 994 2368 1023 2437; x_wconf 84' lang='lat'><em>(</em></span> <span class='ocrx_word' id='word_1_274' title='bbox 1044 2372 1094 2421; x_wconf 73' lang='lat' dir='ltr'>ut</span> <span class='ocrx_word' id='word_1_275' title='bbox 1128 2373 1277 2436; x_wconf 87' lang='lat' dir='ltr'>ajebat</span> <span class='ocrx_word' id='word_1_276' title='bbox 1323 2372 1593 2438; x_wconf 85' lang='lat' dir='ltr'>Hannibal)</span> 
     </span>
     <span class='ocr_line' id='line_1_35' title="bbox 61 2435 1592 2504; baseline 0.003 -18"><span class='ocrx_word' id='word_1_277' title='bbox 61 2435 116 2486; x_wconf 85' lang='lat' dir='ltr'>in</span> <span class='ocrx_word' id='word_1_278' title='bbox 155 2436 395 2487; x_wconf 87' lang='lat' dir='ltr'>montibus</span> <span class='ocrx_word' id='word_1_279' title='bbox 434 2435 596 2490; x_wconf 87' lang='lat' dir='ltr'>sedens</span> <span class='ocrx_word' id='word_1_280' title='bbox 620 2437 855 2489; x_wconf 63' lang='lat' dir='ltr'>sollicitata</span> <span class='ocrx_word' id='word_1_281' title='bbox 881 2441 1091 2504; x_wconf 66' lang='lat' dir='ltr'>procella</span> <span class='ocrx_word' id='word_1_282' title='bbox 1110 2439 1310 2491; x_wconf 87' lang='lat' dir='ltr'>imbrem</span> <span class='ocrx_word' id='word_1_283' title='bbox 1333 2442 1491 2492; x_wconf 86' lang='lat' dir='ltr'>datura</span> <span class='ocrx_word' id='word_1_284' title='bbox 1513 2442 1592 2493; x_wconf 89' lang='lat' dir='ltr'>est.</span> 
     </span>
     <span class='ocr_line' id='line_1_36' title="bbox 59 2502 1593 2576; baseline 0.005 -23"><span class='ocrx_word' id='word_1_285' title='bbox 59 2502 316 2555; x_wconf 73' lang='lat' dir='ltr'>Praesertim</span> <span class='ocrx_word' id='word_1_286' title='bbox 344 2506 453 2556; x_wconf 73' lang='lat' dir='ltr'>cum</span> <span class='ocrx_word' id='word_1_287' title='bbox 478 2507 657 2559; x_wconf 89' lang='lat' dir='ltr'>nullum</span> <span class='ocrx_word' id='word_1_288' title='bbox 683 2505 791 2556; x_wconf 86' lang='lat' dir='ltr'>belli</span> <span class='ocrx_word' id='word_1_289' title='bbox 817 2523 965 2573; x_wconf 86' lang='lat' dir='ltr'>genus</span> <span class='ocrx_word' id='word_1_290' title='bbox 990 2504 1071 2571; x_wconf 83' lang='lat' dir='ltr'>fit,</span> <span class='ocrx_word' id='word_1_291' title='bbox 1102 2509 1152 2559; x_wconf 87' lang='lat' dir='ltr'>in</span> <span class='ocrx_word' id='word_1_292' title='bbox 1177 2526 1273 2576; x_wconf 86' lang='lat' dir='ltr'>quo</span> <span class='ocrx_word' id='word_1_293' title='bbox 1311 2527 1418 2560; x_wconf 89' lang='lat' dir='ltr'>eum</span> <span class='ocrx_word' id='word_1_294' title='bbox 1443 2508 1593 2560; x_wconf 89' lang='lat' dir='ltr'>fortu-</span> 
     </span>
     <span class='ocr_line' id='line_1_37' title="bbox 65 2573 1592 2646; baseline 0.003 -22"><span class='ocrx_word' id='word_1_295' title='bbox 65 2588 128 2624; x_wconf 82' lang='lat' dir='ltr'>na</span> <span class='ocrx_word' id='word_1_296' title='bbox 156 2589 254 2624; x_wconf 90' lang='lat' dir='ltr'>non</span> <span class='ocrx_word' id='word_1_297' title='bbox 288 2575 559 2625; x_wconf 85' lang='lat' dir='ltr'>exercuerit.</span> <span class='ocrx_word' id='word_1_298' title='bbox 659 2578 719 2626; x_wconf 86' lang='lat' dir='ltr'>Et</span> <span class='ocrx_word' id='word_1_299' title='bbox 760 2573 793 2623; x_wconf 87' lang='lat' dir='ltr'>si</span> <span class='ocrx_word' id='word_1_300' title='bbox 831 2574 1050 2643; x_wconf 80' lang='lat' dir='ltr'>Princeps</span> <span class='ocrx_word' id='word_1_301' title='bbox 1087 2594 1185 2628; x_wconf 86' lang='lat' dir='ltr'>non</span> <span class='ocrx_word' id='word_1_302' title='bbox 1232 2593 1329 2630; x_wconf 84' lang='lat' dir='ltr'>tarn</span> <span class='ocrx_word' id='word_1_303' title='bbox 1363 2579 1592 2646; x_wconf 86' lang='lat' dir='ltr'>imperet,</span> 
     </span>
     <span class='ocr_line' id='line_1_38' title="bbox 65 2640 905 2707; baseline 0.001 -14"><span class='ocrx_word' id='word_1_304' title='bbox 65 2641 208 2707; x_wconf 70' lang='lat' dir='ltr'>quam</span> <span class='ocrx_word' id='word_1_305' title='bbox 235 2641 447 2696; x_wconf 77' lang='lat' dir='ltr'>ostendat</span> <span class='ocrx_word' id='word_1_306' title='bbox 475 2643 675 2697; x_wconf 82' lang='lat' dir='ltr'>tolerare</span> <span class='ocrx_word' id='word_1_307' title='bbox 703 2640 905 2696; x_wconf 81' lang='lat' dir='ltr'>labores.</span> 
     </span>
    </p>
   </div>
   <div class='ocr_carea' id='block_1_3' title="bbox 1344 2850 1523 2915">
    <p class='ocr_par' dir='ltr' id='par_1_5' title="bbox 1344 2850 1523 2915">
     <span class='ocr_line' id='line_1_39' title="bbox 1344 2850 1523 2915; baseline 0.011 -16"><span class='ocrx_word' id='word_1_308' title='bbox 1344 2850 1523 2915; x_wconf 53' lang='grc' dir='ltr'>ρυε-</span> 
     </span>
    </p>
   </div>
  </div>
 </body>
</html>
