1832 3151
515 77 1073 166 ἓξὲξ(0)ἓέἐέ
1255 98 1490 169 μ139

62 191 333 256 Principum
353 206 368 250 3
391 201 436 238 at
464 189 534 238 vel
568 187 625 236 eo
643 222 656 246 ,
691 185 741 234 in
768 188 943 236 ruinam
971 185 1199 253 perinde,
1236 185 1268 236 si
1294 191 1470 249 malim,
1501 206 1576 241 aut

64 254 225 311 florem
252 256 559 323 Reipublicae,
596 255 630 304 fi
666 255 816 303 bonus
847 255 924 312 fit,
959 255 1177 321 gravior:
1231 258 1333 322 quia
1362 273 1476 324 quot
1506 259 1576 307 sti-

64 327 284 394 pantibus
307 328 471 381 latera,
511 338 581 373 tot
603 323 701 373 vitae
729 356 742 380 ‚
791 322 1070 383 verborum,
1118 324 1354 373 afflouum
1392 326 1580 377 testibus

65 396 285 462 cingitur.
351 393 604 456 Nunquam
638 389 759 441 solus
784 391 880 453 est,
919 391 1048 452 cujus
1076 406 1212 441 nutus
1243 391 1351 457 spfi,
1387 393 1580 443 &seusa

62 460 170 513 suos
183 462 354 511 habent
387 462 715 525 exploratores.
767 458 1009 508 Potentius
1037 460 1253 536 mephitis
1280 476 1444 518 nocet,
1467 461 1577 511 dum

62 547 124 579 ex
160 530 286 580 edito
313 529 484 587 oritur,
518 529 616 593 quia
649 531 751 577 aura
782 529 943 592 quavis
971 527 1021 578 in
1048 527 1216 578 vicinia
1247 527 1334 576 late
1359 528 1581 597 dispergi-

65 609 154 646 tur.
224 596 538 650 Execrabilior
557 598 620 647 est
637 613 797 645 murex
818 630 831 655 ‚
870 594 919 644 &
943 614 1158 710 fpurpura
1193 597 1312 647 vitiis
1345 596 1581 661 squallens,

63 681 202 730 quam
228 665 342 716 levis
373 666 512 715 etiam
530 665 690 715 umbra
712 664 858 731 magis
884 663 939 712 de
964 680 1139 722 ormat,
1172 680 1224 712 ac
1254 665 1391 714 alium
1415 667 1578 716 noctes

63 733 271 801 integrat.
339 733 632 802 Privilegium
665 731 779 794 hoc,
807 751 863 782 an
896 750 1033 796 poena
1066 731 1118 781 fit
1152 733 1432 799 regnantum
1452 769 1467 792 ,
1504 751 1583 784 an-

65 817 177 866 ceps
208 802 330 860 esto,
367 815 553 852 centum
585 801 728 852 oculis
763 815 811 849 ut
835 799 1148 850 observentur.
1216 801 1445 850 Neutrum
1465 801 1582 865 judi-

65 885 159 918 co:
196 868 271 919 sed
302 872 457 919 calcar
486 869 643 936 potius
669 905 681 928 ‚
720 887 813 936 quo
852 869 1111 922 stimuletur
1149 868 1200 919 in
1235 868 1413 919 honesti
1450 887 1584 938 regu·

63 937 158 986 lam
202 936 407 1002 semper,
445 938 526 1004 qui
560 956 695 1003 agere
732 977 743 1000 ‚
789 953 864 987 aut
911 938 1045 1002 loqui
1093 937 1245 1003 potest
1291 937 1438 994 nihil,
1473 938 1584 1002 quin

64 1022 171 1074 agat
199 1005 317 1055 orbi.
388 1008 455 1054 Ut
479 1005 623 1055 acrius
651 1006 845 1071 impellit
875 1005 1063 1071 pondus
1084 1044 1096 1067 ,
1136 1004 1263 1070 quod
1298 1005 1353 1054 ab
1392 1009 1484 1056 alto
1519 1006 1583 1055 vi-

62 1090 138 1123 res
163 1071 346 1138 sumpfit
367 1109 379 1133 ,
414 1091 465 1122 ac
501 1075 755 1137 impetum:
793 1072 850 1122 fic
875 1076 1116 1138 potentius
1146 1073 1208 1123 est
1244 1074 1443 1139 exempli
1466 1091 1585 1139 pon·

66 1141 153 1191 dus
197 1145 343 1192 malos
394 1143 530 1192 etiam
571 1143 618 1191 in
649 1140 974 1200 consulentes,
1009 1140 1040 1191 fi
1077 1144 1224 1192 bonus
1257 1141 1339 1200 fit,
1380 1143 1457 1207 qui
1500 1145 1588 1192 cla·

66 1225 177 1259 vum
204 1224 344 1260 tenet.
413 1207 659 1277 Cynosura
683 1210 760 1259 hic
783 1227 900 1260 uuus
931 1209 1017 1268 est,
1055 1227 1192 1276 quem
1210 1211 1411 1278 remiges
1435 1212 1588 1276 perin-

67 1276 153 1339 de,
190 1278 242 1327 id
282 1279 344 1328 est
381 1279 621 1345 populusg
656 1295 708 1327 ac
751 1276 884 1326 turba
922 1292 1082 1327 caetera
1115 1279 1274 1328 studiis
1309 1279 1397 1327 suis
1436 1278 1588 1344 prose-

67 1346 237 1409 quitur.
290 1347 486 1415 Regiam
520 1344 618 1395 fere
655 1347 771 1396 viam
806 1346 996 1412 quisque
1036 1346 1287 1416 diligimus.
1345 1352 1601 1413 Aut-<conf

64 1429 335 1476 vertuntur,
372 1429 448 1464 aut
475 1413 722 1464 fraenanttu·
764 1413 1120 1466 Consulentium
1151 1415 1224 1465 etsi
1256 1416 1482 1466 malorum
1503 1415 1589 1465 stu·

67 1484 143 1533 dia
162 1518 175 1543 ,
211 1484 324 1533 dum
355 1484 622 1549 impet-anus
650 1484 921 1549 exemplum
942 1517 955 1542 ‚
990 1498 1065 1534 aut
1095 1484 1342 1550 imperium
1375 1486 1440 1536 est
1466 1518 1479 1543 ‚
1515 1497 1592 1534 aut

63 1550 258 1602 fraenum
284 1553 519 1602 contrarii.
569 1553 740 1602 Tacito
784 1551 963 1619 semper
1004 1551 1196 1618 pudoris
1227 1588 1240 1613 ,
1287 1555 1438 1604 mettis
1467 1587 1480 1612 ,
1522 1551 1593 1605 vel

66 1620 243 1670 doloris
277 1622 429 1688 agitur
449 1620 632 1670 stimulo
652 1617 854 1672 subditus
883 1657 895 1680 ,
932 1619 1013 1670 ubi
1044 1620 1225 1672 bonitas
1251 1623 1470 1689 Principis
1498 1637 1593 1672 ma-

64 1690 211 1739 litiam
236 1689 514 1755 exprobrat,
543 1690 593 1739 6<
615 1690 685 1738 vel
704 1688 884 1739 fileudo
910 1689 1170 1740 bonitatem
1194 1690 1418 1742 accendit.
1481 1691 1593 1743 Pan·

68 1756 226 1817 thera,
263 1757 294 1808 fi
337 1756 452 1807 fides
495 1758 654 1809 Plinio
679 1794 692 1818 ,
729 1757 877 1808 odore
916 1757 1033 1808 feras
1083 1758 1223 1809 allicit
1257 1795 1268 1820 ,
1305 1774 1353 1810 ut
1399 1759 1591 1828 perdat:

68 1827 195 1877 idem
211 1828 386 1895 praestat
402 1829 667 1894 exemplum
690 1826 810 1876 boui
822 1827 1048 1893 Principis
1066 1866 1077 1891 ‚
1100 1826 1189 1879 suis
1203 1830 1401 1880 Patriam
1416 1869 1427 1891 ,
1442 1830 1596 1882 Patria

69 1895 203 1956 suos,
241 1895 286 1945 se
316 1896 524 1963 utrisque
545 1911 595 1946 ut
635 1895 792 1947 servet.
893 1898 965 1946 Da
1003 1898 1123 1948 mala
1163 1896 1488 1950 confitlentfim
1524 1899 1592 1949 in·

73 1966 237 2033 genia,
274 1963 397 2030 sequi
418 1977 644 2033 cogentur
676 1966 937 2033 Principem
960 1965 1157 2015 bonum.
1210 1966 1347 2017 Ret‘ie*
1374 1967 1501 2018 enim
1528 1964 1592 2018 fa·

68 2049 174 2082 cere
216 2035 445 2101 cogitur,
483 2032 563 2100 qui
613 2035 660 2083 in
703 2049 941 2084 momenta
977 2035 1190 2085 docetur.
1281 2035 1398 2086 Non
1437 2036 1592 2103 potest

70 2119 175 2152 non
209 2117 403 2169 regnare
450 2103 495 2152 in
539 2100 696 2153 Curiis
739 2105 955 2169 aequitas,
1003 2104 1052 2153 in
1090 2103 1276 2170 templis
1310 2105 1507 2172 religio,
1544 2108 1591 2154 in

71 2169 316 2219 communi
349 2170 437 2220 vita
466 2172 791 2236 tranquillitas,
830 2171 910 2222 ubi
938 2173 1156 2238 Princeps
1181 2173 1330 2223 bonus
1372 2174 1450 2223 est.
1511 2173 1593 2222 Ni·

70 2238 139 2287 hil
165 2239 289 2287 euim
323 2239 533 2289 membra
555 2238 647 2289 fine
685 2241 834 2290 anima
870 2239 1067 2320 possunt.
1133 2241 1272 2291 Recle
1307 2240 1463 2292 sensit:
1511 2241 1590 2307 qui

70 2306 296 2374 Eclypou
328 2308 552 2375 Principis
587 2309 815 2375 populum
842 2309 957 2359 dixit
984 2345 995 2369 ,
1035 2309 1086 2358 δί
1107 2307 1414 2361 consulentes.
1472 2308 1593 2361 Red-

70 2375 138 2426 dit
167 2379 301 2424 Echo
330 2393 527 2436 vocem,
562 2394 700 2442 quam
732 2378 925 2444 accepit.
997 2379 1232 2437 Virtutes,
1272 2377 1323 2427 δι
1348 2378 1456 2428 vitia
1471 2378 1593 2428 Prin&

72 2444 228 2508 cipis,
265 2446 418 2494 omnis
463 2444 754 2510 Respublica.
836 2449 910 2494 En
951 2443 1303 2497 fimdamentum
1343 2445 1590 2496 felicitatis.

72 2513 326 2573 Voluntas,
367 2514 416 2561 ἃ
448 2513 675 2579 potestas,
711 2515 844 2576 quatra
868 2513 1074 2563 distincta
1107 2512 1210 2564 sunt
1231 2514 1450 2577 nomina,
1486 2522 1594 2564 'tam

75 2579 251 2630 diversa
276 2581 326 2630 in
349 2579 630 2645 Reipublicae
659 2581 964 2630 commodum
1009 2578 1123 2632 sunt,
1150 2595 1400 2631 momenta.
1452 2583 1589 2650 Qud,

74 2649 241 2698 amabo
266 2684 279 2708 ‚
317 2649 453 2714 poffit
478 2650 688 2699 voluntas
729 2647 1048 2700 consulentfim
1085 2685 1099 2710 ‚
1135 2651 1428 2715 quantumvis
1475 2652 1597 2716 opti-

74 2732 174 2765 ma.
211 2716 289 2766 ubi
312 2717 592 2769 dominantis
619 2716 815 2784 potestas
843 2720 1049 2785 autligat
1071 2753 1083 2778 ,
1103 2732 1197 2772 ‚aut
1219 2719 1382 2770 evertit
1413 2720 1595 2771 omnia?

73 2781 254 2836 Contra
301 2786 441 2848 vero,
476 2785 590 2852 quid
640 2786 851 2838 voluntas
874 2821 888 2848 ,
927 2787 1115 2853 pessima
1156 2786 1441 2854 quantumvis
1473 2821 1496 2864 ⁹.
1544 2790 1591 2841 in

1423 2870 1518 2905 rui·
