1832 3151
506 112 1084 201 Ξῧέ(0)ἓέἐὲ
1411 132 1494 192 49

39 224 173 276 batur
216 222 393 280 eadem.
463 225 632 291 Neque
668 239 832 276 tamen*
851 225 922 275 vel
957 226 981 271 εἴ
1015 222 1188 284 nautis,
1218 224 1292 272 vel
1321 225 1343 271 a
1371 222 1574 276 ficem-iis

42 312 273 344 excreetur
307 293 555 353 strtitudo,
582 296 661 359 qui
686 295 890 361 pericula
915 292 1107 342 adeunt:
1144 293 1253 341 cum
1282 291 1350 341 illi
1379 294 1531 360 ignari
1556 334 1570 358 ,

41 364 92 413 hi
116 365 220 414 vero
247 379 302 410 ex
324 359 541 419 infamia,
565 361 617 410 δί
646 363 837 412 audacia
865 362 1054 411 adeant*
1115 362 1319 423 Oportet
1350 362 1474 410 enim
1498 380 1570 413 ve·

41 431 90 480 re
120 431 286 480 fortem
317 431 540 495 aequitatis
572 436 703 480 eausa
740 430 784 481 se
813 430 869 479 ad
895 429 1100 494 pericula
1127 426 1366 478 resolvere.
1439 430 1569 479 Feri-

45 517 104 550 na
134 499 254 547 enim
291 499 352 546 est
387 498 628 548 Aristoteli
662 498 924 554 fortitudo,
954 515 1047 564 qua»
1073 514 1154 544 aut
1183 495 1458 561 inconfitlta,
1491 516 1570 548 aut

43 585 131 615 non
153 565 244 628 fiae
269 564 437 631 honesto
473 567 714 634 dirigitur.
799 566 1007 618 Duobus
1050 580 1287 613 exercetur
1315 565 1538 615 fortitudo
1556 606 1570 629 ‚

42 635 277 684 tolerantia
305 634 534 684 durorum
555 668 569 693 ‚
606 634 654 683 δί
687 635 952 684 difficilium
980 634 1285 700 aggreffione.
1367 634 1483 683 Non
1508 648 1573 683 ta·

42 720 149 752 men
178 715 426 765 propterea
455 702 636 760 (sentio
673 721 780 752 cum
816 701 1028 767 Seneca)
1075 701 1137 750 est
1167 701 1397 750 fortitudo
1421 704 1571 751 incon-

30 769 159 834 fitlta
183 774 449 833 temeritas,
486 788 624 838 neque
652 773 958 837 periculorum
990 762 1140 830 amor,
1183 786 1322 835 neque
1337 771 1570 834 fhrmida-

40 838 202 888 biliam
230 842 468 904 appetitio.
561 840 668 889 Imo
703 857 854 904 neque
878 851 1108 904 repugnat
1128 855 1211 901 per
1237 836 1575 902 Philosophum

37 922 79 959 e.
104 924 152 967 7.
185 905 452 955 fortitudini
487 907 630 956 timor
662 908 957 967 moderatus,
988 906 1098 955 licet
1125 905 1336 954 excludat
1355 906 1577 956 timorem

43 975 318 1024 muliebrem
361 992 415 1024 ex
453 977 636 1024 levitate
672 976 812 1025 animi
844 987 1021 1024 natum.
1101 958 1247 1023 Unde
1277 973 1449 1026 Seneca
1476 975 1575 1027 ait:

41 1044 385 1107 diliqz’ntiffima
415 1047 465 1092 in
488 1046 636 1092 tutela
650 1042 729 1105 fiii
751 1045 997 1108 fortitudo
1025 1042 1095 1106 est.

127 1104 297 1161 ‘Partes
341 1111 702 1176 quodammodo
743 1111 846 1160 sunt
876 1112 1254 1178 magnanimitas,
1302 1105 1354 1157 &
1382 1109 1579 1176 constans

45 1183 131 1228 tia.
225 1196 323 1227 lma
355 1195 397 1237 4.
435 1179 547 1228 Eth.
574 1196 614 1228 c.
635 1193 676 1239 3.
715 1179 961 1230 hominem
993 1175 1131 1242 super
1165 1179 1331 1244 vulgus
1368 1180 1576 1237 extollit,

45 1248 102 1297 ad
135 1248 260 1296 πᾶιιε
289 1248 507 1297 heroicos
525 1248 843 1298 exantlandos.
916 1249 1100 1315 Vulgus
1127 1245 1254 1295 enim
1274 1261 1378 1296 non
1396 1248 1577 1314 magnis

44 1317 324 1379 delestatur,
354 1315 435 1366 sed
461 1316 791 1366 communibus
820 1314 1011 1365 affibus.
1080 1313 1225 1364 Unde
1253 1317 1582 1380 magnanimus

44 1400 201 1432 veram
224 1385 273 1434 in
307 1384 529 1435 omnibus
558 1388 814 1447 virtutem,
849 1380 906 1445 8<>
917 1383 1204 1449 felicitatem
1219 1379 1365 1444 solam
1391 1379 1582 1432 (efflatur

46 1452 118 1502 his
145 1453 431 1518 potissimum
466 1453 674 1518 quinque
713 1450 958 1519 capitibus.
1058 1465 1096 1499 1.
1140 1449 1331 1500 Calibus
1360 1467 1456 1500 non
1488 1464 1584 1500 tur-

47 1520 181 1570 batur
204 1521 522 1572 viciffitudinis
549 1521 762 1572 humanae
797 1557 810 1582 ,
864 1535 1019 1586 neque
1058 1518 1250 1568 miratur
1285 1516 1583 1578 admodum3

47 1604 269 1654 tanquam
296 1605 621 1655 praeconcepta
644 1589 729 1639 sint
767 1606 946 1656 magnae
974 1587 1117 1637 menti
1161 1587 1328 1637 omnia.
1401 1602 1448 1639 2.
1486 1590 1600 1637 Ho·-

49 1659 243 1710 noribus
265 1675 365 1709 non
400 1658 659 1708 admodum
694 1658 888 1724 capium
961 1672 1005 1717 3.
1040 1654 1230 1706 Infimos
1254 1654 1463 1720 quosque
1482 1653 1588 1704 sub-

52 1729 184 1777 levat.
254 1741 300 1788 4.
339 1728 530 1790 Injurias
559 1725 823 1792 aspernatur
847 1765 859 1787 ,
902 1723 963 1775 ut.
985 1721 1032 1771 se
1065 1724 1289 1773 minores.
1365 1741 1405 1787 5.
1442 1726 1586 1774 Bene-

54 1793 159 1847 ficia
190 1793 456 1861 compensat
488 1795 761 1860 majoribus.
843 1792 1017 1856 Neque
1045 1805 1198 1842 tamen
1222 1808 1277 1840 ex
1310 1807 1366 1840 eo
1399 1807 1589 1858 magna·

57 1865 216 1916 nimos
244 1862 428 1915 censeas
458 1879 537 1914 aut
568 1881 683 1922 eos,
713 1861 794 1929 qui
832 1860 992 1913 omnia
1023 1873 1350 1917 contemnant3
1386 1859 1437 1908 hi
1468 1861 1591 1909 enim

56 1931 293 1984 Aristoteli
332 1934 404 1986 vel
443 1949 751 2000 arrogantes,
787 1931 864 1979 vel
895 1929 1064 1978 tumidi
1081 1926 1223 1991 sunt,
1253 1927 1378 1977 ‘uana'
1405 1929 1586 1995 gloria,

59 1997 120 2050 Εἴ
149 1998 494 2064 praefitmptione
533 1995 667 2050 elati.
716 1999 789 2048 vel
828 1996 1023 2049 audaces
1049 2014 1104 2046 ex
1128 1995 1303 2045 ambitu
1325 2034 1337 2057 ,
1381 1996 1592 2058 jaelarttia

59 2067 266 2126 incitati3
299 2082 376 2116 aut
400 2070 508 2116 illos
528 2104 539 2127 ,
566 2068 647 2133 qui
671 2067 753 2117 fibi
773 2081 975 2115 mortem
992 2082 1098 2113 cum
1119 2063 1304 2114 Catone
1323 2060 1594 2125 adsciscunt,

62 2149 232 2202 utpote
264 2135 344 2201 qui
369 2136 614 2186 Aristotele
641 2136 775 2197 teste,
826 2132 1139 2195 intolerantia,
1168 2131 1220 2182 ἃ
1261 2131 1405 2182 taedio
1438 2148 1595 2181 rerum

63 2203 355 2270 praesentium
387 2206 442 2252 ad
478 2205 528 2253 id
567 2204 772 2262 induem
818 2200 947 2251 suam
996 2202 1046 2253 in
1078 2201 1171 2250 hoe
1211 2199 1447 2267 ignaviam
1485 2205 1599 2264 Pro-

63 2272 195 2322 bant.
274 2274 484 2338 Utraque
508 2274 630 2323 enim
658 2270 1022 2338 magnanimitati
1054 2271 1343 2334 opponitur3
1377 2267 1427 2316 &
1468 2268 1607 2316 nadal

64 2347 168 2393 cia,
204 2357 303 2406 quae
342 2342 501 2391 omnia
522 2340 692 2392 viribus
724 2339 813 2389 suis
847 2340 1030 2388 minora
1060 2337 1314 2394 existiman
1350 2334 1400 2384 δί
1424 2336 1602 2401 pafi'lla·

66 2412 287 2471 nimitas,
315 2405 392 2457 seu
427 2412 642 2475 ignavia,
680 2427 778 2474 quc-e
808 2409 964 2459 omnia
987 2405 1158 2458 viribus
1197 2406 1374 2469 majora
1392 2403 1570 2467 judicat
1589 2441 1602 2466 ,

68 2478 121 2527 &
160 2478 205 2527 se
237 2479 366 2526 omni
397 2477 578 2527 honore
599 2479 858 2544 indignam.
1234 2532 1237 2535 ,

182 2545 442 2608 Constantia
467 2546 684 2596 virtutum
709 2547 911 2596 laureola
930 2579 943 2603 ,
977 2540 1053 2593 seu
1078 2537 1423 2609 perfiverantia
1450 2537 1609 2589 homi·

74 2634 186 2668 nem
223 2615 279 2663 ad
313 2614 655 2679 perdurandum
695 2613 838 2679 usque
875 2612 933 2662 ad
971 2611 1110 2662 finem
1152 2611 1369 2668 roborat3
1393 2627 1490 2660 non
1523 2605 1608 2655 ob-

77 2685 223 2734 stante
251 2682 475 2746 temporis
493 2722 504 2744 ‚
541 2681 594 2731 &
620 2682 1057 2733 circumstantiarum
1084 2681 1153 2729 vel
1178 2678 1478 2728 diuturnitate
1495 2712 1507 2733 ,
1539 2674 1611 2723 vel

80 2752 321 2802 arduitate.
398 2751 679 2817 Opponitur
702 2751 809 2800 huic
837 2769 892 2800 ex
924 2748 1170 2802 Aristotele
1197 2767 1238 2810 7.
1258 2748 1423 2796 Ethc.
1441 2760 1486 2804 9.
1509 2759 1612 2808 per-

85 2823 293 2885 tinacia,
323 2824 414 2885 qua
450 2822 555 2887 quis
594 2820 645 2870 in
681 2819 898 2871 omnibus
939 2819 1093 2881 bene,
1143 2817 1359 2883 maleque
1396 2810 1615 2928 suiceptis

810 2889 858 2937 D
1425 2898 1457 2929 u
1477 2896 1546 2930 tra
