1832 3151
319 131 398 194 50
729 108 1302 198 ἓὲἒῠηὲζέἓ

236 217 358 266 ultra
393 211 859 296 debitumpxerdurat.
927 210 1049 262 Item
1079 216 1319 277 mollities,
1352 208 1432 264 seu
1458 210 1776 280 inconstantia,
1820 266 1825 267 γ

240 288 333 352 qua
363 283 467 349 quis
493 282 620 331 llhco
645 298 669 328 a
697 281 863 346 coeptis
892 278 1073 331 defistit.

333 416 1005 509 QuAESTlO
1101 418 1682 489 ETHICA.

287 531 391 593 An
432 526 580 590 heroi
613 525 774 610 pcffit
793 528 959 611 fuga
1004 540 1077 585 ex
1106 523 1296 608 praelio
1341 525 1437 611 effe
1477 528 1675 613 gloriae
1704 525 1734 587 ἒ

696 676 1295 733 AFFIRMATuR.

383 775 504 821 Eros
529 768 592 819 cst
608 809 622 831 ,
665 770 746 833 qui
772 771 879 835 igne
914 767 1123 817 ardentes
1147 765 1374 814 bellorum
1403 766 1609 815 flammas
1644 781 1777 816 cruoo

232 771 382 935 H
419 858 469 890 re
499 837 585 888 suo
615 837 883 902 restinguit3
917 850 960 884 at
999 836 1146 897 major
1170 868 1183 893 ,
1232 832 1313 898 qui
1350 833 1449 883 rivo
1494 835 1637 900 parcit
1667 872 1678 894 ,
1720 848 1776 882 ut

418 921 668 957 torrentem
719 902 987 968 profundat.
1076 903 1362 969 Stratagema
1396 899 1511 968 saepe
1553 903 1772 952 illustrius

230 977 503 1045 generosam
531 975 649 1035 tegit
682 973 983 1030 ebrietatem,
1012 969 1125 1019 dum
1164 967 1234 1017 sui
1260 969 1414 1035 impos
1455 972 1643 1019 aemulus
1671 984 1773 1018 tum

230 1046 435 1110 primum
459 1032 626 1093 virtute
658 1041 753 1105 peti
787 1038 833 1087 se
864 1037 1048 1099 sentiat,
1079 1039 1184 1087 cum
1210 1038 1470 1102 tempestati
1495 1037 1771 1088 succumbit.

228 1114 307 1162 Sic
337 1112 489 1162 Parthi
528 1110 691 1158 vicere.
759 1109 876 1157 Non
913 1106 1089 1171 semper
1114 1106 1346 1156 Venufino
1374 1123 1482 1155 cum
1515 1110 1632 1156 Vate
1666 1109 1769 1172 pul-

228 1181 397 1230 chrum
432 1180 495 1229 cst
522 1194 612 1243 pro
637 1175 782 1224 Patria
814 1177 959 1233 mori,
982 1189 1084 1223 tum
1110 1192 1305 1240 nempe,
1336 1175 1442 1224 cum
1476 1175 1612 1224 dilata·
1644 1192 1770 1224 mor-

227 1264 275 1298 tc
312 1248 461 1298 indies
492 1247 549 1296 fic
579 1245 880 1295 commoreris
903 1244 1061 1293 Patriae
1094 1240 1347 1302 fatiscenti,
1378 1256 1431 1291 ut
1465 1244 1554 1293 vita
1582 1259 1659 1293 tua
1676 1242 1769 1294 sex·

225 1317 375 1367 centis
407 1330 605 1365 mortem
648 1315 856 1362 intentet.
927 1311 1098 1377 Saepius
1133 1327 1261 1360 amor
1286 1311 1528 1376 ingeniosa
1557 1310 1669 1377 fuga
1691 1315 1768 1362 Pa-

224 1385 362 1436 triam
393 1383 587 1432 servavit
609 1422 621 1446 ‚
655 1381 767 1430 dum
797 1397 1049 1429 commune
1077 1380 1196 1428 illud
1223 1393 1393 1429 natura>
1419 1381 1612 1447 vectigal
1647 1397 1768 1431 mors

225 1470 439 1502 curarum
467 1453 582 1510 una,
628 1447 679 1498 &
714 1448 1055 1510 discriminum,
1089 1447 1165 1496 {cd
1201 1445 1252 1495 δε
1277 1449 1368 1497 una
1394 1447 1624 1497 felicitatis
1657 1466 1768 1511 pro·

223 1521 473 1571 movendae
502 1519 750 1569 terminum
777 1517 942 1567 statuit.
1016 1517 1218 1566 Somnus
1248 1516 1469 1579 Salustio,
1502 1516 1632 1582 quies
1653 1519 1767 1567 Tul-

224 1589 289 1638 lio
310 1625 322 1648 ,
357 1587 624 1639 antidotum
658 1585 874 1650 Euripidi
908 1601 1034 1634 mors
1067 1587 1157 1634 est:
1189 1583 1298 1634 absit
1325 1583 1381 1633 ab
1407 1600 1587 1635 amante
1617 1586 1664 1633 in
1686 1589 1768 1634 Pa·

222 1658 363 1706 triam
397 1673 572 1705 caecum
611 1655 773 1704 mortis
811 1653 1056 1710 studium3
1093 1653 1261 1701 amoris
1298 1666 1382 1702 cos
1415 1667 1538 1702 certa
1581 1652 1766 1705 adversa

220 1723 349 1788 fitnt,
376 1725 492 1786 hac,
527 1738 579 1772 ut
614 1722 824 1788 proberis
847 1759 860 1783 ‚
901 1718 1082 1769 subduc
1119 1735 1164 1768 tc
1213 1721 1332 1770 cladi
1366 1720 1610 1787 tantisper,
1638 1735 1690 1770 ut
1722 1741 1768 1770 a·

220 1791 399 1857 speram
421 1793 575 1859 magis
597 1808 688 1855 pro
712 1790 881 1851 Patria,
910 1789 1017 1854 quia
1038 1787 1412 1837 diuturnionrem
1441 1788 1622 1838 sufferas
1639 1807 1764 1840 mor·

220 1873 334 1911 tem.
408 1863 638 1910 Germana
669 1859 771 1907 haec
808 1858 893 1907 dos
920 1874 1192 1922 magnarum
1227 1856 1290 1906 est
1313 1859 1566 1916 mentium,
1598 1857 1764 1909 furore

220 1947 322 1980 non
350 1929 442 1997 agi.
519 1927 680 1992 Caput
705 1924 961 1974 discrimini
988 1924 1251 1974 subducunt
1278 1943 1373 1975 non
1396 1943 1763 1989 nunquam,non

217 1998 328 2061 quia
373 1998 570 2053 volunt,
616 1993 697 2043 sed
739 1994 847 2059 quia
891 1993 1064 2042 amoris
1111 1994 1298 2061 ingenio
1341 1993 1532 2056 jubente
1573 1994 1759 2045 debent.

215 2063 412 2114 Cedunt
458 2063 661 2112 fortunae
690 2061 935 2112 bacchanti
967 2062 1214 2127 tantisper,
1264 2062 1322 2111 nt}
1355 2060 1624 2112 cadentibus
1656 2062 1761 2129 ipfis

211 2132 385 2183 cadant
426 2131 597 2181 onmia.
665 2132 820 2193 Major
846 2128 972 2191 sane,
1000 2128 1051 2178 <Sc
1088 2129 1333 2197 gloriosior
1361 2131 1532 2178 amoris
1575 2131 1758 2180 vie'tima

217 2200 336 2249 dum
360 2200 511 2259 cedit,
551 2200 656 2264 quia
683 2196 936 2262 superstes,
973 2199 1115 2262 quam
1148 2196 1181 2245 fi
1211 2197 1355 2247 cadat.
1425 2198 1556 2263 Saepe
1592 2196 1635 2247 se
1663 2217 1757 2248 ma-

211 2268 317 2334 gis,
350 2271 490 2333 quam
519 2267 715 2318 Patriam
747 2265 949 2331 diligunt
970 2300 982 2323 ,
1013 2266 1116 2330 qui,
1150 2267 1254 2330 quia
1289 2262 1392 2314 sciri
1430 2267 1649 2332 cupiunt,
1684 2284 1757 2317 ca·

210 2335 325 2385 dere
354 2339 526 2386 volunt
558 2336 688 2397 ante,
726 2335 866 2400 quam
901 2332 1092 2392 cedere,
1135 2334 1243 2382 cum
1275 2348 1451 2396 tamen,
1495 2352 1636 2400 quem
1667 2335 1755 2384 ho-

214 2404 296 2453 die
320 2404 469 2454 fatum
495 2403 728 2467 perdidit,
765 2401 798 2450 fi
831 2400 1042 2450 mutfiffet
1086 2400 1354 2464 confilium,
1383 2402 1651 2468 triumphos
1691 2404 1752 2453 ei·
1817 2420 1825 2426 ‘

209 2470 346 2530 dem,
382 2470 434 2521 ὃ(
464 2473 623 2521 Patriae
645 2469 915 2520 destinasset.
985 2474 1096 2536 Quae
1124 2468 1235 2519 salus
1259 2470 1546 2535 Reipuplicae
1576 2473 1600 2519 a
1625 2489 1752 2522 mor·

210 2554 257 2590 te
291 2539 429 2589 unius
445 2579 458 2603 ,
482 2541 614 2601 cujus
651 2540 740 2589 vita
761 2537 882 2603 saepe
909 2539 1064 2587 omnia
1092 2537 1382 2587 restituisset?
1405 2541 1604 2608 Qtoties
1628 2538 1750 2592 {alus

207 2608 410 2657 Urbium
429 2643 441 2667 ,
466 2605 518 2656 &
544 2607 829 2656 exercituum
849 2606 985 2656 unius
1005 2607 1053 2658 in
1081 2607 1270 2671 capite?
1297 2607 1506 2657 laudatur
1531 2608 1752 2671 ingenio..

207 2674 284 2726 {its
319 2693 449 2728 amor
488 2674 842 2733 Demosthenis,
877 2692 961 2724 cur
995 2675 1019 2724 ἐ
1048 2674 1176 2723 bello
1220 2673 1426 2740 fugeret,
1470 2677 1576 2725 cum
1602 2670 1748 2742 'quae-

213 2756 390 2794 teretur
413 2783 427 2806 ,
470 2742 693 2806 dicentis,
739 2760 791 2792 ut
826 2761 896 2792 me
943 2742 1111 2792 Patriae
1133 2741 1386 2804 servarem.
1478 2746 1748 2796 Foenerarur

206 2814 389 2877 Patriae,
419 2828 521 2868 non
554 2810 756 2875 furatur,
792 2813 872 2879 qui
901 2810 963 2864 fic
998 2810 1184 2878 fugiens
1213 2809 1265 2861 id
1308 2828 1450 2865 omne
1479 2808 1746 2930 supegaddi't

1511 2898 1570 2932 au
1619 2898 1669 2932 a·
