1832 3151
514 92 1091 181 &twffffi
1402 104 1488 178 65

52 200 225 250 erudiat
244 199 424 250 damnis
453 200 746 249 navat-chum.
822 200 1037 267 Quisquis
1063 217 1207 252 artem
1237 201 1391 265 discit,
1413 206 1572 257 instru—

52 284 207 317 menta
233 270 364 332 plura
383 267 657 332 pessumdat.
710 267 924 315 *Utinam
952 286 1050 317 non
1069 306 1080 326 ,
1108 271 1156 319 ut
1180 275 1393 321 nonnulli
1412 276 1571 324 Medi-

52 334 96 383 ci
127 354 414 401 corporum,
442 333 502 384 fic
540 334 805 400 Republicae
853 337 992 386 exitio
1038 341 1256 401 Iuventus
1301 338 1351 388 ἃ
1402 341 1569 403 discat,

51 400 103 450 ὃ(
148 405 312 452 doceat
351 401 630 471 gubernare.
702 407 795 461 At,
832 403 954 466 esto,
989 403 1070 453 fibi
1116 406 1293 455 constet
1332 407 1492 475 vigor,
1516 408 1573 459 &-

49 470 230 521 indoles
276 473 553 537 Juventutis.
641 469 909 521 Contumax
938 471 1062 532 fere,
1098 471 1147 521 ἃ
1182 474 1409 524 indomita
1435 477 1570 543 plebs

53 539 146 596 est;
182 540 342 601 audet,
376 540 483 587 cum
510 553 810 599 trementem,
830 554 907 589 aut
928 542 1047 590 fleffi
1070 539 1249 590 facilem
1283 540 1428 593 sentit.
1474 549 1574 595 Aut

48 621 262 668 terretur,
296 622 372 656 aut
411 606 536 658 cedit
583 607 721 657 facile
771 623 876 657 aetas
918 608 1164 658 imbellior.
1235 609 1354 662 Non
1386 613 1445 661 ita
1486 611 1572 663 usu

48 673 180 724 docta
229 675 507 740 Reipublicae
560 675 686 725 bafis.
772 674 952 725 Umbra
995 676 1134 740 hujus
1175 679 1278 743 plus
1319 678 1568 745 ponderat,

51 745 188 809 quam
220 745 401 811 gladius
432 745 703 807 juventutis.
769 744 884 793 Non
917 744 1029 794 vitio
1075 748 1223 814 magis
1249 787 1260 809 ,
1293 751 1428 813 quam
1467 749 1573 798 affe-

51 811 198 861 c'tibus
233 826 366 877 patet
399 830 559 865 cereus
590 813 845 875 juventutis
872 814 1079 872 animus3
1103 829 1179 863 ant
1203 816 1321 865 tueri
1342 815 1490 867 nescit
1510 815 1575 868 fit·

47 878 230 944 pienter
274 879 473 939 sancita,
510 894 587 930 aut
626 882 811 929 umbras
851 881 1085 932 formidat.
1153 881 1343 950 Nempe
1383 886 1574 936 fluctum

47 951 254 1013 quemvis
285 949 470 1011 horret,
513 950 588 1015 qui
625 966 748 997 mare
779 967 873 998 non
903 950 1020 999 vidit
1051 948 1225 1002 furens.
1297 956 1573 1005 Conclama=

45 1030 147 1066 tum
186 1017 356 1082 credit,
391 1019 501 1067 cum
535 1019 647 1066 alter
679 1019 809 1080 operi
847 1034 1037 1067 manum
1066 1018 1347 1083 admovens,
1379 1023 1575 1072 fluctum

41 1083 248 1152 frangit,
276 1084 327 1134 ὃ(
350 1084 617 1150 triumphat.
690 1084 811 1134 Seris
836 1083 913 1134 hic
934 1086 1061 1136 venit
1086 1086 1190 1139 usus
1221 1089 1276 1140 ab
1311 1092 1453 1140 annis.
1502 1093 1572 1140 Ut

45 1155 213 1203 merito
249 1153 512 1204 Laconibus
538 1153 757 1202 Seniores
780 1154 1115 1205 Lacedaemonii
1139 1160 1358 1226 Lycurgo
1377 1177 1392 1219 3
1416 1161 1572 1209 Patres

44 1225 171 1272 canis
200 1222 426 1288 conspersi
470 1224 704 1280 Romqu3
739 1221 892 1290 Moysi
938 1221 1021 1287 ipfi
1056 1227 1195 1275 DEO
1230 1225 1462 1277 sanciente
1494 1227 1574 1278 Se-

42 1292 197 1340 nim-es
233 1292 279 1339 in
318 1290 558 1340 confilium
594 1291 772 1340 adlecti.
844 1290 1033 1357 Nempe
1065 1311 1234 1355 mens,
1277 1296 1390 1345 ratio
1412 1330 1424 1354 ‚
1463 1312 1576 1346 con·

42 1358 222 1418 filium,
260 1360 388 1411 senes
417 1394 428 1416 ‚
469 1360 594 1409 velut
642 1376 738 1407 aras
783 1358 979 1408 Numen
1026 1361 1264 1414 inhabitat.
1349 1367 1459 1413 Aras
1501 1365 1573 1417 in-

44 1446 181 1493 quam
207 1463 218 1485 ,
268 1430 292 1477 a
328 1427 494 1495 quibus
534 1428 821 1495 agendorum
865 1429 1069 1489 oracula,
1096 1432 1199 1495 quia
1226 1430 1437 1483 sexcenta
1465 1431 1572 1484 sunt

45 1497 249 1546 actorum
289 1510 606 1546 monumenta.
701 1502 812 1564 Qua:
853 1497 1091 1560 praeteritis
1137 1501 1312 1564 experti
1357 1499 1530 1550 cafibus
1556 1537 1572 1562 ,

49 1565 184 1631 cgere
206 1566 391 1623 studiis,
419 1580 502 1614 cos
534 1561 633 1612 sunt
662 1561 714 1612 (ἐξ
747 1563 917 1614 mentis
937 1601 949 1624 ‚
981 1562 1031 1612 ὃς
1060 1567 1230 1625 animi,
1253 1566 1343 1616 five
1372 1568 1426 1617 ad
1457 1587 1571 1633 prae-

49 1634 332 1692 cavendum,
365 1650 426 1682 ne
473 1631 690 1690 veniant,
725 1630 815 1682 five
854 1629 913 1680 ad
951 1630 1262 1694 obviandum,
1289 1631 1396 1684 cum
1435 1653 1571 1687 vene-

45 1701 136 1749 rint
168 1700 349 1766 aspera:
381 1700 469 1749 sive
505 1699 559 1748 ad
598 1700 862 1767 agendum,
901 1697 1010 1747 cum
1046 1702 1145 1751 laeta
1184 1702 1472 1772 ingruerint3
1508 1709 1571 1757 n&

48 1769 290 1835 postremis
348 1769 518 1832 elatio,
553 1769 717 1833 primis
767 1766 967 1831 abjectio
1019 1783 1259 1830 mentem,
1297 1772 1572 1839 animosque

115 1838 294 1904 eripiat.
330 1839 456 1888 Dum
486 1841 646 1886 contra
673 1837 807 1902 inops
832 1836 1001 1885 horum
1030 1839 1243 1888 omnium
1258 1844 1503 1908 Juvenum

469 1906 576 1972 quia
602 1905 742 1971 inops
773 1903 826 1954 ἃ
862 1919 1144 1968 temporum.

108 2877 202 2916 Phil.
222 2881 361 2917 Morum
379 2881 470 2915 Pan
483 2879 532 2915 11.
807 2862 849 2908 F»
1391 2866 1431 2928 ᾗ.
1458 2868 1517 2915 Π.
