1832 3151
341 109 464 156 110
754 88 1323 176 affimfflssa

248 198 372 257 bris,
402 196 582 248 tantum
617 193 742 245 abest
777 199 801 245 a
837 198 1229 249 terriculamentis.
1326 198 1485 248 Audet
1518 201 1694 260 multa,
1725 195 1776 252 ὃ(

247 267 300 315 ut
328 266 497 316 audere
527 261 677 330 ipsum
706 262 823 332 saepe
855 266 1007 314 viciss'e
1034 267 1119 330 est,
1156 265 1349 317 conficit
1387 266 1600 332 plurima.
1688 268 1777 317 Ca·

252 338 324 385 lor
362 336 481 384 inter
521 334 749 382 elementa
801 336 955 384 omnia
992 336 1162 403 agendi
1203 338 1368 385 virtute
1407 335 1628 401 princeps
1663 336 1726 385 est
1761 368 1779 396 ‚

249 403 428 470 stringit
451 402 620 467 frigu.5‚
655 398 706 448 ἃ
737 418 933 452 enervat.
1022 407 1193 470 Typus
1224 405 1339 454 illud
1377 404 1608 454 hilarioris
1639 440 1651 464 ‚
1685 403 1779 454 hoe

251 472 461 521 tristioris
491 473 552 518 est
579 470 730 519 animi.
803 471 998 537 Sanguis
1030 470 1146 537 ipse,
1178 471 1230 521 ὅ(
1249 470 1438 538 spiritus
1463 472 1688 536 quantum
1701 471 1782 522 ad·

249 541 315 588 dit
345 538 581 588 alacritatis
601 573 612 595 ,
649 538 827 588 tantum
855 540 985 588 addit
1003 540 1203 608 vigoris,
1235 555 1370 605 atque
1402 540 1519 590 adeo
1558 540 1777 605 aptitudi-

249 612 318 658 nis
343 609 399 657 ad
436 605 684 675 agendum.
765 608 1085 657 Laudatiffima
1115 626 1303 674 quaeque
1343 608 1453 658 cum
1493 610 1671 677 agenda
1706 606 1778 658 su·

251 675 436 743 perfunt
461 713 473 737 ‚
511 689 584 724 aut
609 675 702 726 ach
730 673 931 735 fuerint,
967 678 1058 726 nisi
1093 677 1330 728 vivacitate
1354 679 1562 742 polleant
1583 713 1595 736 ,
1631 677 1782 728 laudis

254 746 498 801 meritum,
527 741 590 791 sui
626 744 830 807 pretium
862 745 1073 811 perdunt.
1143 745 1332 810 Nempe
1370 746 1461 796 fine
1505 743 1692 809 spiritu,
1728 742 1782 793 &

251 815 344 862 vita
378 827 594 861 truncum
621 814 739 874 jacet
773 830 972 879 corpus,
1008 831 1161 879 neque
1194 812 1367 883 grande
1399 812 1506 880 quid
1557 831 1662 883 aget
1691 815 1784 864 ani·

254 899 327 930 ma
344 917 356 940 ,
394 881 548 928 donec
578 880 785 946 languet.
854 883 979 932 Hinc
1000 885 1076 931 illa
1105 883 1156 932 in
1179 881 1495 951 aggrediendo
1523 883 1783 947 pernicitas,

253 952 300 1000 in
330 949 515 1015 agendo
535 947 802 1010 dexteritas,
837 950 1216 1014 inmutiplicibus
1240 951 1360 1000 curis
1389 951 1618 1001 vivacitas,
1656 953 1784 1002 Dum

255 1032 329 1066 aut
366 1018 439 1065 uni
471 1016 686 1066 duntaxat
715 1018 878 1082 operi,
910 1036 993 1068 ceu
1014 1021 1223 1085 Polypus
1246 1033 1385 1083 petrae
1409 1018 1603 1068 adhaeoet
1621 1018 1785 1069 subtri-

254 1087 369 1145 stis,
396 1099 472 1133 aut
508 1099 705 1134 terretur
737 1086 1008 1152 principio,
1044 1103 1118 1137 aut
1143 1087 1311 1136 fatiscit
1351 1104 1506 1151 opere.
1592 1088 1780 1138 Grande
1817 1087 1821 1100 '

256 1171 507 1221 regnorum
535 1153 846 1204 commodum
880 1156 982 1206 finnt
1006 1173 1171 1216 naves,
1205 1153 1255 1204 ἃ
1275 1156 1494 1217 flumina,
1538 1155 1668 1222 quod
1687 1156 1832 1206 citas,

259 1223 542 1290 provehant,
588 1222 850 1289 diffitasque
883 1229 1011 1274 terris
1049 1240 1190 1274 terras
1219 1257 1235 1283 ,
1270 1227 1478 1290 populos
1516 1224 1705 1291 populis
1734 1223 1820 1275 fio}

257 1294 403 1350 stant,
437 1289 565 1357 quod
591 1307 709 1340 terra
741 1309 838 1342 non
865 1296 1047 1359 potuit,
1077 1295 1166 1343 nisi
1198 1291 1317 1343 sero.
1401 1294 1475 1344 Sic
1505 1307 1786 1344 maturantur
1816 1318 1820 1349 ς

255 1361 483 1410 hilaritate
512 1359 719 1421 consilia,
743 1378 841 1425 quae
870 1376 1050 1422 terr-cO,
1099 1376 1240 1428 atque
1271 1360 1386 1410 adeo
1419 1360 1614 1412 subtristi
1648 1361 1789 1427 genio
1830 1390 1832 1426 q

259 1430 366 1487 vix,
401 1447 451 1478 ac
487 1426 545 1475 ne
578 1428 651 1477 vix
676 1429 862 1494 quidem
890 1431 1156 1481 tenduntur.
1244 1432 1331 1481 Res
1393 1430 1569 1481 ercndae
1606 1429 1659 1478 sit
1683 1427 1787 1480 suut
1814 1440 1832 1497 ζ’

262 1499 387 1547 mole
424 1496 650 1563 plurimae,
677 1494 907 1548 summam
933 1500 1072 1549 etiam
1093 1514 1309 1551 enervant
1330 1517 1355 1549 a
1373 1500 1622 1550 acritatem.
1663 1496 1788 1564 Quid
1814 1519 1832 1562 ,ι

261 1571 272 1613 l
282 1566 358 1630 pei
386 1563 572 1631 supersit
599 1565 904 1632 Reipublicae,
935 1568 1040 1617 cum
1066 1569 1115 1616 in
1139 1568 1378 1619 nutanteih
1412 1567 1627 1618 inciderit
1655 1606 1667 1630 ‚
1708 1579 1786 1616 aut
1817 1578 1819 1583 '

259 1632 359 1700 ipso
392 1649 586 1696 natum,
627 1633 678 1682 ἃ
698 1631 932 1703 sanguinis
963 1637 1074 1685 vitio
1099 1636 1433 1704 languentem?
1469 1636 1653 1687 Gaudet
1679 1636 1788 1685 alter·
1816 1658 1832 1689 5⁴

262 1705 479 1752 torrentis
512 1702 709 1762 affluxit,
741 1703 791 1754 ἃ
815 1705 924 1755 cum
958 1704 1117 1754 nubila
1143 1706 1235 1755 ciet
1261 1703 1401 1754 sortis
1435 1703 1673 1771 asperitas,
1711 1716 1818 1756 aut.

262 1771 530 1821 amoenioris
561 1772 608 1820 in
641 1772 803 1821 Phoebi
841 1790 1022 1823 morem
1058 1773 1236 1839 diffipat
1264 1808 1276 1832 ‚
1324 1788 1401 1824 aut
1436 1772 1469 1822 fi
1504 1772 1789 1823 vehementia
1815 1776 1832 1819 zi

261 1840 526 1906 splendoris
556 1839 771 1907 tantisper
806 1842 965 1892 statuat
992 1841 1180 1892 obicem
1212 1878 1223 1901 ,
1274 1840 1489 1908 superstat
1537 1840 1756 1890 omnibus
1776 1873 1790 1898 ,

265 1908 373 1975 quia
399 1908 564 1958 mentis
589 1909 750 1977 vigore
771 1909 853 1960 fibi
879 1910 1068 1961 constat.
1139 1914 1352 1976 Languet
1376 1910 1473 1969 iste,
1500 1907 1550 1958 ἃ
1575 1909 1679 1972 quio.
1696 1910 1788 1957 lan-

268 1992 416 2044 guet,
446 1978 599 2027 oneris
629 1979 780 2029 omnis
805 1979 923 2046 pene
943 1981 1036 2042 jam
1064 1977 1219 2038 taedet‚
1249 1976 1375 2028 sensu
1407 1977 1688 2043 Reipublicae
1705 1975 1832 2025 dif-j:

265 2046 490 2096 ficillimo.
570 2045 683 2096 Non
715 2048 874 2098 omnia
901 2047 1143 2112 posl'umus
1173 2063 1334 2097 omnes
1360 2083 1371 2106 ,
1413 2061 1584 2098 naturae
1617 2047 1690 2095 lex
1718 2060 1813 2094 ve·.

265 2129 338 2164 tus·
365 2115 440 2163 est.
515 2119 578 2164 At
616 2116 769 2165 minus
800 2117 1028 2166 moderari
1062 2114 1437 2182 Rempublicam,
1474 2113 1678 2180 quisquis
1697 2114 1832 2170 lan-'3

263 2196 391 2251 guet.
463 2184 601 2232 Tolle
629 2182 819 2234 succum
848 2185 1001 2234 arbori
1026 2221 1037 2244 ‚
1062 2184 1312 2234 medullam
1347 2183 1544 2244 ollibus,
1589 2183 1793 2232 radicem
1811 2194 1832 2251 ’ζ

264 2255 461 2318 plantae3
495 2251 742 2311 rideberis,
778 2252 811 2301 fi
846 2251 1072 2315 frussum,
1101 2251 1264 2309 robur,
1302 2266 1377 2301 aut
1409 2253 1624 2304 decorem
1653 2267 1793 2316 expe·
1819 2286 1822 2301 2

270 2321 373 2369 cles.
447 2323 679 2387 Langueat
706 2321 760 2370 ad
783 2339 964 2387 proram
992 2322 1166 2379 navita,
1193 2319 1250 2369 ad
1274 2320 1457 2385 lupatos
1493 2319 1662 2388 auriga,
1683 2317 1794 2384 spo-

266 2390 382 2438 lium
415 2389 491 2436 ille
516 2390 660 2438 ventis
676 2387 934 2448 furentibus
951 2425 963 2448 ‚
999 2389 1074 2439 hic
1110 2392 1377 2440 contumaci
1402 2389 1652 2439 ludibrium
1674 2386 1792 2449 seju-

270 2459 320 2524 gi
348 2455 392 2505 se
417 2453 613 2522 sucisque
652 2458 801 2518 dabit,
823 2476 940 2524 quos
975 2456 1195 2511 rexerint.
1267 2463 1470 2509 Enerves
1502 2456 1676 2523 spiritus
1712 2453 1819 2507 fibi,

270 2528 346 2575 vix
376 2522 591 2589 suppares
611 2561 622 2583 ‚
645 2523 753 2591 quid
783 2528 991 2586 muneri,
1023 2542 1096 2577 aut
1129 2528 1467 2591 providenti-x,
1507 2538 1583 2574 aut
1619 2524 1793 2591 vigoris

269 2593 502 2645 uccellarii
530 2594 766 2644 tribuent?
796 2594 960 2644 Nemo
984 2595 1090 2650 dat,
1127 2595 1258 2659 quod
1286 2614 1382 2646 non
1409 2594 1567 2654 habet,
1587 2591 1818 2661 Philoso-¹

271 2662 479 2729 phorum
508 2661 529 2709 ὲ
554 2660 696 2712 sensu.
769 2662 1026 2729 Nunquam
1058 2664 1310 2725 Solonem,
1335 2677 1409 2712 aut
1439 2662 1657 2711 Periclem
1674 2664 1818 2731 (ἕστε-ἰ

273 2731 345 2778 cia
366 2730 611 2788 adorasset,
646 2731 732 2780 nisi
754 2734 989 2798 utriusque
1021 2732 1186 2783 mentis
1221 2734 1359 2799 vigor
1398 2732 1601 2799 linguam
1627 2732 1674 2780 in
1707 2730 1817 2779 stur

272 2798 425 2868 penda
453 2796 629 2850 saeculis
661 2798 849 2852 consilia
882 2802 1128 2853 animasset.
1200 2805 1348 2853 Tacet
1376 2798 1563 2870 lingua,
1600 2798 1706 2850 cum
1732 2798 1816 2862 jaq

1660 2879 1733 2918 cet
