1832 3151
495 78 1054 168 ffiwstssss-ffiss
1372 96 1494 160 123

66 185 219 245 Caefiir
253 187 452 255 eapesfit.
535 191 597 237 Et
621 188 740 237 bene
768 186 1008 237 Protector-
1044 187 1251 238 Ecclefiae
1296 205 1348 237 ac
1386 191 1582 253 vindex,

67 277 165 310 non
197 273 351 322 capnt.
420 255 616 305 Utinam
654 256 813 304 eadem
844 257 1047 304 Heni-ico
1073 258 1410 322 V111.›Angliae
1437 277 1584 324 quon-

68 327 177 377 dam
210 324 519 376 observantia!
557 342 656 373 non
685 335 780 371 tam
804 324 988 390 lugubri
1017 324 1390 388 Metamorpholi
1415 331 1584 395 Anglia

67 395 114 446 se
137 393 269 444 aliam
303 392 449 442 fuisset
472 392 631 441 mirata
653 427 666 451 ‚
700 407 801 440 non
832 388 933 455 ipse
966 390 1186 457 supremis
1210 391 1404 443 vocibus
1432 403 1590 452 omnia

67 477 179 513 cum
209 461 434 528 religione
459 457 502 508 se
528 459 777 527 perdidisse
797 457 947 508 fuiss'et
974 459 1213 509 confessus.

176 528 377 593 Justitia
415 544 551 594 capnt
578 528 639 579 est
673 528 884 578 alterum.
948 532 1062 579 Eam
1101 527 1182 577 hie
1220 530 1460 599 intelligo,
1499 537 1590 600 qua

67 599 289 661 Princeps
316 599 475 664 legum
504 596 855 647 conditoridem
884 635 896 657 ‚
932 594 1262 647 &observator
1279 599 1370 658 est,
1405 620 1488 667 per
1520 620 1592 652 re-

71 667 189 714 &am
222 665 266 713 in
296 665 524 723 moribus,
563 663 614 713 &
641 663 768 714 omni
793 664 971 713 actione
996 665 1134 713 vitam
1153 705 1164 727 ,
1207 683 1259 715 ex
1284 666 1459 718 honesti
1481 689 1592 720 nor·

69 752 162 791 ma,
218 732 265 780 Si
300 734 422 782 enim
449 733 573 784 secus
614 732 787 800 egerit,
829 733 1043 798 exemplo
1085 735 1193 797 plns
1233 751 1409 797 nocet,
1445 742 1587 803 quzim

70 814 279 868 peccato.
348 801 461 849 Fere
496 803 616 851 enim
647 800 814 863 justitia
841 836 852 857 ‚
881 814 958 850 aut
997 801 1212 867 iniquitas
1253 804 1591 857 dominantium

69 871 118 920 in
143 872 358 929 virtuteS,
395 888 444 919 ac
473 871 579 918 vitia
609 869 844 919 transeunt
881 866 1182 921 subditorum.
1252 872 1377 922 Cum
1405 875 1500 925 lraec
1537 875 1595 924 {it

71 941 285 988 conditio
307 939 599 1004 Principum,
635 953 715 997 ut,
753 937 972 1002 quidquid
998 937 1200 998 faciunt,
1256 945 1502 1007 praecipere
1528 945 1594 994 vi·

70 1007 281 1054 deantur.
353 1007 433 1055 Sol
464 1009 677 1071 Princeps
714 1005 777 1054 est
804 1006 1109 1070 Reipublicae,
1144 1007 1313 1058 subditi
1338 1012 1462 1074 astra,
1505 1014 1592 1062 Lu·

75 1092 129 1126 ce
154 1089 356 1133 careant,
389 1089 577 1136 oportet
599 1110 610 1132 ,
663 1075 697 1125 fi
736 1070 831 1138 ipse
875 1074 1086 1124 tenebras
1121 1078 1245 1136 alat,
1294 1096 1389 1128 non
1422 1081 1590 1130 lucem.

75 1143 166 1192 Sed
198 1142 276 1192 etfi
314 1144 403 1192 hoc
428 1142 570 1201 abfit,
608 1142 760 1194 minus
793 1143 832 1191 ei
869 1142 1007 1191 licere
1035 1145 1321 1195 credendum
1341 1182 1354 1204 ‚
1392 1151 1463 1197 cui
1483 1150 1591 1214 plus

72 1213 198 1261 licet.
261 1209 385 1259 Cdm
415 1213 574 1260 omnia
599 1210 714 1260 fasta
740 1243 755 1270 ,
795 1210 844 1259 ὃ(
869 1210 989 1261 dista
1016 1213 1288 1278 Principum
1326 1233 1487 1266 rumor
1521 1235 1597 1268 ex-

75 1281 216 1343 cipiat
236 1317 248 1341 ‚
289 1277 340 1327 ἃ
368 1295 577 1329 amorem
610 1298 719 1330 cum
758 1280 1038 1330 authoritate
1063 1282 1276 1341 amittat,
1311 1284 1387 1348 qui
1410 1323 1422 1346 ,
1483 1287 1593 1338 cuin

76 1346 224 1417 praesit
247 1347 435 1411 ordine,
471 1351 640 1399 virtute
671 1350 835 1398 melior
859 1348 945 1396 effe
975 1347 1143 1400 debere
1164 1350 1462 1404 existimatur.

186 1416 423 1482 Constlium
452 1415 652 1482 sequitur
679 1416 921 1483 Leopoldi.
973 1417 1120 1479 Hujus
1136 1420 1336 1469 nomine
1359 1456 1371 1480 ‚
1420 1422 1596 1473 ancho.

78 1501 124 1534 ra
155 1484 232 1532 illa
253 1519 266 1542 ,
303 1482 356 1532 ἃ
392 1484 675 1550 Reipublicae
709 1499 814 1535 acus
859 1483 1040 1534 nautica
1065 1519 1078 1544 ‚
1143 1488 1271 1539 venit
1305 1487 1590 1543 Prudentia:

77 1569 178 1617 quae
199 1553 460 1616 Principem
499 1551 754 1620 Cynosurae
781 1551 896 1612 suae,
930 1551 1004 1601 sen
1031 1553 1158 1604 bono
1199 1555 1488 1609 subditorum
1527 1561 1596 1611 in·

76 1618 331 1671 tentum&
360 1619 613 1687 praevidere
647 1621 779 1685 facit,
818 1636 868 1672 ut
906 1636 1155 1686 praecaveat
1182 1640 1197 1682 3
1252 1621 1305 1674 ἃ
1349 1627 1599 1691 providere

78 1687 288 1757 legibus,
326 1704 376 1738 ut
406 1689 659 1758 gubernet,
697 1690 747 1740 δί
773 1691 955 1758 dirigat.
1028 1691 1141 1740 Rara
1176 1691 1270 1742 haze
1297 1694 1384 1743 dos
1423 1711 1597 1749 naturae

2 1809 5 1811 ,
80 1759 145 1808 est
166 1793 178 1817 ,
215 1757 318 1824 quia
340 1775 470 1808 raros
495 1773 654 1809 natura
679 1759 872 1810 destinat
894 1758 950 1808 ad
981 1759 1255 1826 regendum.
1322 1766 1438 1814 Haec
1465 1767 1597 1816 enim

2 1849 3 1852 ¹
79 1842 198 1886 una,
238 1825 470 1893 praesentia
489 1828 695 1887 ordinat,
746 1828 896 1877 futura
918 1827 1163 1892 providet,
1198 1834 1424 1894 praeterita
1451 1851 1601 1885 recor-

78 1894 227 1945 datur.
298 1898 453 1947 Mater
473 1895 726 1956 felicitati53
765 1896 875 1946 dum
902 1898 1060 1947 contra
1077 1897 1349 1963 imprudens
1369 1903 1599 1968 pleraque,

80 1961 136 2011 &
167 1961 210 2012 se
235 1964 508 2028 praecipitat.
567 1969 673 2014 Pars
698 1965 914 2030 princeps
934 1963 1192 2029 prudentiae
1210 1965 1357 2017 solum
1393 1971 1598 2035 optanda

80 2029 177 2090 est,
214 2048 311 2096 quae
347 2030 374 2078 τὶ
392 2030 446 2095 fi’
467 2031 697 2092 habetur-3
733 2031 900 2084 scilicet
920 2036 1076 2084 lumen
1101 2034 1298 2084 inditum
1324 2039 1417 2086 caeli
1439 2056 1602 2090 mune-

79 2116 132 2149 re
154 2133 167 2158 ‚
210 2098 336 2164 quod
389 2097 496 2151 usus
528 2141 540 2165 ,
593 2099 645 2151 ὃ(
683 2102 970 2167 experientia
1011 2101 1211 2155 firmant.
1280 2105 1494 2156 Secunda
1534 2122 1601 2158 ta·

82 2184 194 2217 men
216 2168 273 2219 ad
307 2170 558 2219 volandum
585 2172 655 2220 ala
692 2170 938 2236 requiritur
974 2172 1140 2230 etiam,
1181 2173 1393 2224 videlieet
1416 2175 1601 2227 confilia

81 2235 215 2299 libri,
250 2236 413 2296 amici,
448 2236 668 2296 stientia3
705 2237 835 2297 haec,
874 2256 973 2304 quae
1009 2237 1062 2286 ab
1096 2240 1203 2290 aliis
1231 2245 1420 2293 veniunt
1453 2279 1464 2302 ,
1513 2244 1598 2294 ful-

82 2304 215 2353 ciunt
243 2304 552 2370 prudentiam.
611 2305 753 2358 Certe
785 2304 818 2354 fi
848 2304 929 2357 fiio
958 2306 1099 2357 solius
1129 2307 1260 2360 sensu
1288 2314 1515 2381 Rexagat
1550 2332 1600 2363 o-

81 2372 236 2432 mnia,
270 2372 497 2440 superbus
521 2375 670 2442 magis
690 2411 702 2434 ,
735 2377 874 2440 quam
888 2374 1064 2443 sapiens
1082 2377 1257 2428 audiet.
1325 2379 1600 2432 AliterAle·

81 2440 284 2503 xander,
323 2441 381 2491 dc
409 2460 503 2508 quo
533 2443 752 2509 Lamprid
797 2442 886 2493 fuit
916 2443 1195 2496 consuetudo
1225 2444 1306 2512 ipsi
1338 2481 1352 2508 ,
1403 2462 1453 2498 ut
1481 2448 1514 2498 si
1539 2450 1601 2501 de

79 2509 207 2574 jure,
242 2524 319 2561 aut
337 2511 611 2578 Magistratu
643 2511 883 2572 trac‘iaret‚
917 2512 1041 2563 solos
1074 2512 1241 2565 (lochos
1274 2549 1288 2574 ,
1333 2512 1384 2565 &
1405 2515 1604 2570 disertos

82 2577 354 2638 adhiberem
389 2577 419 2628 fi
447 2579 557 2629 verb
586 2580 645 2629 de
682 2597 732 2629 re
764 2579 978 2642 militari,
1015 2581 1180 2631 milites
1213 2597 1387 2635 veteres
1409 2620 1422 2644 ,
1457 2584 1508 2635 &
1532 2585 1603 2636 se-

81 2661 163 2696 nes
193 2646 312 2697 bene
339 2648 562 2713 meritos,
601 2664 654 2697 ae
687 2648 896 2697 locorum
930 2649 1132 2715 peritos,
1170 2649 1221 2700 ἃ
1243 2651 1516 2716 castrorum,
1546 2652 1600 2706 δε

85 2729 248 2766 omnes
273 2716 477 2767 literatos
511 2737 521 2767 z
557 2734 609 2768 ac
634 2715 832 2766 maxime
870 2733 948 2767 eos
971 2753 983 2777 ‚
1026 2720 1105 2783 qui
1140 2718 1372 2770 historiam
1395 2721 1593 2773 norunt:

83 2783 346 2851 requirenS,
379 2784 494 2856 quid
526 2785 580 2843 in
614 2783 782 2838 talibus
822 2783 994 2848 caulis,
1031 2788 1188 2853 quales
1216 2788 1266 2838 iu
1298 2785 1598 2855 disceptatio-

1463 2873 1526 2907 ne
