1832 3151
359 122 486 199 146
846 106 1421 199 ἓὲθὲἓ(0)ἓέἐὲε

273 224 428 292 ‘peria-²
466 236 563 286 quae
599 215 631 268 fi
667 218 910 283 coniuncta
946 214 1063 265 locis
1109 213 1261 263 forent
1282 251 1293 272 ‚
1340 219 1414 267 vix
1450 211 1687 269 stcutitati.
1709 211 1798 267 suae

282 292 351 343 sat
398 286 726 340 consuluerint.
813 284 1007 335 Facilius
1071 283 1218 331 nuilto
1276 283 1552 349 praepeditur
1603 284 1795 333 exitium

281 365 308 412 a
340 360 555 409 catenatis
582 391 594 416 ,
635 356 774 420 quam
805 351 970 403 divifis.
1055 354 1224 400 Prunas
1243 353 1416 421 junge,
1451 350 1495 401 se
1527 354 1698 402 mutuis
1725 351 1798 401 fo·

279 430 457 480 vebum
481 423 702 491 praefidiis
723 442 735 483 3
758 438 871 487 quas
889 420 921 468 fi
947 419 1154 480 dividas,
1189 420 1283 471 vim
1304 438 1492 470 omnem
1515 422 1795 471 ammittunt-

276 497 473 548 Corona
514 494 740 557 rumpitur
767 525 779 548 ,
827 491 939 537 dum
968 504 1106 554 grana
1143 489 1248 536 mali
1271 490 1427 554 punici
1469 487 1791 539 secernuntur.

275 569 398 618 Non
424 564 514 612 urit
543 578 626 626 per
659 558 908 609 causticum
933 557 1102 603 vitrum
1127 556 1254 621 ignis
1289 557 1471 616 noster,
1511 559 1618 622 quia
1635 557 1795 607 radios

273 631 632 702 quaquaversum
660 627 845 695 spargit.
913 626 1085 673 Ureret
1110 641 1206 673 non
1225 622 1356 672 secus
1382 662 1394 685 ,
1429 643 1482 675 ac
1503 625 1595 687 sol,
1627 625 1794 676 ficon-

272 714 504 755 centraret
522 701 568 747 in
603 696 780 745 focum.
882 693 1132 755 Nunquam
1173 691 1354 741 excidio
1386 691 1584 743 vicinior
1618 694 1679 744 est
1713 695 1794 743 Pa·

272 774 358 823 tria
383 807 395 827 ‚
432 787 484 818 ac
515 767 625 815 dum
660 761 878 813 intestinis
912 760 1415 820 lace1·eaturdiffidiis;
1459 779 1687 812 armorum
1715 761 1790 813 fo·

271 841 437 891 mitem
472 834 643 895 habes,
680 832 757 881 ubi
792 827 1021 878 discordia
1054 829 1118 877 est
1155 828 1437 879 animorum.
1484 835 1596 898 Qae
1625 830 1673 880 in
1701 830 1786 881 ho-

269 910 385 960 stem
409 909 627 956 aemulum
651 935 663 960 ,
701 914 777 949 aut
806 897 1046 965 publicum
1072 897 1374 947 commodum
1407 899 1505 947 acui
1523 935 1534 957 ,
1572 897 1622 947 ἃ
1643 899 1792 948 inten-

268 978 318 1027 di
357 970 622 1039 oportuisset
655 1009 668 1031 ‚
723 983 945 1037 germano
973 963 1205 1013 cuduntur
1234 964 1446 1033 sanguini
1472 971 1560 1016 tela
1581 1005 1594 1030 ,
1648 966 1790 1017 ruinae

267 1062 438 1097 mutuae
472 1044 771 1093 intentantur.
845 1035 1014 1085 Aftum
1049 1032 1112 1081 est
1143 1033 1202 1083 de
1232 1033 1371 1083 salute
1408 1034 1596 1098 publica
1616 1071 1630 1095 ,
1673 1035 1787 1084 dum

263 1133 358 1181 pax
378 1111 553 1171 privata
584 1125 678 1158 non
709 1104 870 1155 colitur
903 1099 1204 1151 consulendo.
1272 1107 1402 1169 Quos
1433 1102 1607 1154 summa
1638 1103 1789 1163 junxit
1823 1097 1826 1109 ¹

261 1182 463 1250 potestas
486 1215 497 1237 ,
535 1173 888 1245 pudeatprivatfi
906 1170 1130 1219 fimultate
1148 1168 1364 1220 distendi.
1438 1171 1555 1222 Raro
1576 1185 1786 1222 centrum
1821 1197 1824 1206 ·

261 1251 388 1300 idem
423 1245 658 1297 discordes
690 1240 943 1305 respiciunt
981 1237 1157 1297 animi,
1193 1240 1354 1289 Patriae
1387 1256 1560 1306 nempe
1598 1239 1788 1289 felicita·
1821 1244 1824 1283 ὲ

259 1333 371 1370 tem.
440 1317 608 1365 Valent
659 1309 868 1359 membra
896 1347 908 1370 ‚
965 1306 1078 1354 dum
1112 1324 1276 1372 pacem
1317 1306 1491 1358 servant
1549 1309 1823 1375 qualitatest

258 1384 536 1438 concordes.
586 1378 831 1432 confundi
857 1375 1170 1427 valetudinem
1201 1392 1406 1441 pronum
1437 1378 1527 1436 est,
1582 1377 1663 1427 ubi
1686 1378 1786 1427 haec
1830 1394 1832 1398 ⁴

259 1453 532 1507 valetudinis
563 1452 786 1500 elementa
809 1444 1102 1493 dissentiunt.
1145 1443 1479 1495 Confusiooem
1511 1446 1662 1495 omnis
1697 1449 1822 1506 tra-s

257 1524 330 1573 hit
357 1518 600 1578 diffensus,
637 1515 815 1566 ruinam
848 1530 990 1577 porro
1025 1509 1245 1559 confusio.
1318 1513 1514 1563 Callidis
1553 1512 1787 1564 machinis
1818 1567 1819 1570 ,

258 1590 581 1641 fiibvertuntur
607 1582 821 1640 confilia‚
847 1581 957 1630 dum
977 1580 1132 1628 anima
1147 1578 1361 1630 diffident
1384 1615 1397 1639 ‚
1430 1583 1615 1647 jamque
1635 1579 1783 1647 ipsum

254 1661 411 1711 Patriae
434 1655 644 1722 displicet
682 1647 985 1703 commodum
1020 1683 1032 1707 ‚
1078 1648 1181 1711 quia
1220 1648 1273 1696 ab
1312 1646 1451 1698 invisa
1485 1664 1641 1699 mente
1673 1667 1784 1715 pro·

256 1744 454 1778 motum.
506 1728 558 1773 In
603 1720 744 1770 herba
788 1716 1017 1767 felicitatis
1055 1714 1163 1780 spes
1200 1716 1351 1765 omnis
1386 1717 1570 1767 eliditur
1602 1753 1614 1778 ‚
1661 1719 1778 1769 dum
1814 1760 1820 1765 ,

254 1811 333 1847 aut
359 1794 512 1844 semen
533 1788 841 1857 praefocatur,
879 1798 957 1834 aut
996 1788 1127 1833 mora
1155 1800 1225 1832 res
1251 1787 1406 1835 omnis
1431 1788 1667 1849 evertitur,
1701 1800 1782 1839 aut
1818 1805 1819 1812 ¹

254 1864 504 1915 retardatur
532 1861 582 1909 ut
626 1857 806 1913 minus,
845 1854 937 1918 quo
968 1853 1241 1918 Respublica
1270 1852 1365 1919 ipsa
1396 1872 1493 1904 non
1526 1854 1622 1905 nisi
1641 1855 1780 1905 muti·
1811 1894 1815 1918 3

253 1934 295 1982 la
329 1931 413 1981 fibi
439 1928 657 1995 plaudere
689 1924 823 1991 poffit
849 1921 1081 1971 felicitate.
1169 1925 1229 1972 Et
1264 1937 1486 1989 quantum
1506 1959 1517 1979 ,
1554 1938 1780 1987 01·0,t0r-
1813 1975 1816 1979 Δ

249 2016 465 2052 mentum
488 1995 690 2059 Principi
727 1989 966 2042 discordes
994 1990 1238 2040 conciliare
1281 1990 1524 2041 sententias
1546 1993 1570 2041 ’ἓ
1614 1993 1783 2062 ignem

248 2069 355 2120 ante
384 2068 511 2134 aquis
539 2060 835 2125 conjunxeris
859 2094 871 2118 ,
913 2059 1051 2124 quam
1093 2056 1382 2109 discordium
1414 2060 1637 2112 terminos
1664 2079 1780 2112 con·

247 2137 492 2192 filiorurn3
530 2147 716 2197 quaque
752 2127 964 2178 conneffl
994 2126 1059 2177 est
1092 2126 1427 2193 impossibilitas
1453 2152 1468 2189 ·,
1514 2129 1774 2181 alterutrius
1806 2126 1809 2128 ’

246 2204 483 2271 sequendo
507 2200 725 2266 placitum
749 2232 761 2255 ‚
800 2197 987 2245 alterius
1011 2197 1196 2244 emendi
1237 2197 1330 2245 odii
1357 2197 1421 2247 est
1463 2198 1624 2249 acerba
1660 2196 1778 2248 sem-
1812 2204 1813 2211 ’

245 2292 332 2338 per
371 2270 619 2322 neceffitas.
710 2264 886 2315 Indsta
921 2264 1041 2313 stetit
1076 2264 1333 2313 Numantia
1375 2266 1512 2313 etiam
1545 2267 1594 2316 in
1637 2267 1768 2317 illurn

245 2345 479 2400 Idm-otim,
512 2352 651 2403 quem
684 2331 838 2382 Africa
863 2330 1083 2389 tremuit,
1120 2330 1270 2381 donec
1292 2332 1373 2381 fibi
1399 2350 1611 2384 concors.
1678 2333 1772 2384 Ce-

242 2410 358 2462 cidit
385 2408 498 2457 hosti
523 2404 732 2460 victima,
769 2401 884 2449 dum
912 2398 1065 2463 praeda
1099 2398 1282 2448 snorum
1303 2400 1407 2451 ante
1434 2400 1672 2452 discordiae
1697 2417 1773 2451 ce·

242 2478 372 2529 cidit.
442 2475 616 2537 Neque
670 2469 879 2519 mirum:
925 2464 1070 2531 seipsa
1109 2466 1259 2530 majo‘r
1300 2470 1484 2534 [emper
1515 2471 1581 2520 est
1621 2471 1764 2520 virtus

182 2602 191 2616 ff
243 2543 524 2596 concordiae.
593 2538 783 2587 Nervus
818 2535 943 2585 adest
983 2533 1201 2597 confilio,
1238 2548 1289 2586 6(
1318 2538 1580 2587 executioni
1608 2537 1765 2599 robur,

197 2647 201 2661 ,
244 2614 357 2663 dum
391 2629 479 2660 una
521 2606 741 2657 omnibus
768 2605 833 2654 est
858 2603 1031 2654 teffera.
1108 2605 1310 2666 Divide,
1343 2605 1376 2654 fi
1400 2622 1534 2669 quem
1558 2606 1764 2659 imbecil-

353 2682 448 2732 lem
486 2674 699 2730 volueris.
746 2674 815 2722 Ut
843 2672 1042 2721 amicitia
1076 2687 1149 2721 aut
1173 2671 1343 2734 servat,
1373 2687 1450 2724 aut
1475 2672 1626 2725 firmat

619 2740 779 2795 omnia
799 2776 814 2806 ,
860 2738 921 2792 fic
950 2740 1104 2808 perdit
1126 2740 1370 2795 dimdium.

1546 2879 1593 2948 §-
1631 2880 1698 2936 v.
