1832 3151
312 92 428 163 184
758 82 1328 170 {sammaa

1788 155 1790 185 i

234 192 345 258 quid
375 190 462 241 nisi
489 187 720 256 opprcffio
749 189 1066 253 subditorum,
1103 190 1263 241 effilfio
1294 191 1524 262 sanguinis
1547 229 1558 253 ,
1580 193 1743 253 c'aedes,
1787 191 1790 215 ὲ

234 260 428 323 rapinae,
460 259 616 326 legum
641 260 911 320 convulsio,
944 260 993 309 &
1027 260 1195 311 summa
1223 279 1371 311 rerum
1415 262 1624 310 omnium
1644 280 1745 327 per·
1790 259 1792 282 ²

236 327 435 377 turbatio
477 326 681 375 oriatur?
718 330 884 394 vixque
905 329 1104 377 lacrimis
1134 328 1260 393 ipfis,
1304 329 1424 394 quod
1451 330 1746 378 deterrimum
1791 339 1793 389 j

237 393 301 448 est
332 394 574 444 certissimo
597 395 751 444 Patriae
771 396 910 446 exitio
939 432 950 455 ,
981 395 1113 444 bonis
1145 397 1318 446 civibus
1344 397 1477 447 liceat
1498 412 1747 461 parentare.
1791 404 1794 417 ⁷

340 463 451 512 Tria
485 463 797 512 communiter
828 464 1158 528 Tyranuidem
1186 465 1230 512 in
1265 464 1558 531 Principibus
1597 469 1748 514 causa-
1792 493 1795 506 ·

237 545 363 580 runt.
451 530 607 579 Immn.
645 534 751 578 Erat
776 532 1025 592 virtutum,
1062 528 1114 578 δε
1149 549 1328 580 morum
1355 535 1565 582 mutatio.
1637 532 1750 583 Fere
1792 544 1796 591 ζ

237 598 361 650 enim
396 597 598 646 arriserat
625 615 783 647 aurora
812 599 990 664 imperii
1029 600 1226 659 cujusvis
1253 637 1265 660 ,
1306 598 1382 648 sed
1420 602 1621 651 torrebat
1654 617 1747 650 me·
1794 601 1796 622 ³

235 666 376 716 ridies
404 665 448 713 in
476 666 649 715 ruinam
675 665 814 716 cives.
887 667 1135 732 Ildittsffima
1166 682 1322 731 nempe
1342 709 1355 730 ‚
1399 672 1584 718 Lucano
1616 669 1746 729 teste,
1796 671 1797 674 ’

223 733 327 799 sors
354 733 413 795 est
435 751 675 800 regnorum
684 732 767 795 fid)
804 736 926 802 Rege
951 753 1077 784 novo,
1147 736 1378 799 Principio
1403 737 1579 802 imperii
1601 754 1741 786 nemo
1796 744 1799 798 ᾗ

234 802 500 864 Principum
525 801 690 850 horum
719 819 810 853 erat
828 839 840 862 ,
876 803 954 868 qui
973 802 1110 852 amari
1133 815 1239 852 non'
1262 804 1458 854 voluerit
1475 840 1490 865 ,
1524 806 1601 868 qui
1620 822 1746 856 manv
1798 807 1800 811 ’

235 868 414 930 suetus,
453 868 678 928 liberalis,
707 874 942 928 clemens,
976 869 1026 918 ἃ
1073 871 1294 935 providus
1327 871 1420 920 dici
1460 890 1560 922 non
1603 872 1746 921 ambi·

234 936 353 988 verit
368 954 381 994 3
420 936 498 986 ubi
542 952 753 1002 tempore
796 937 1028 987 firmatum
1072 940 1316 1003 imperium
1350 939 1413 988 est
1439 972 1455 999 ,
1499 938 1748 989 simulatam

238 1005 396 1056 animo
430 1005 640 1054 virtutem
673 1005 842 1054 exuere
874 1041 886 1066 ,
943 1005 993 1054 δί
1019 1008 1179 1070 νιιῐρἓ
1205 1009 1360 1056 animo
1394 1009 1538 1057 latens
1572 1008 1747 1058 <letech

238 1074 317 1122 est.
390 1076 513 1122 Hinc
550 1091 646 1123 non
677 1073 779 1121 raro
820 1074 1178 1141 metamorphosi
1222 1074 1332 1123 tristi
1363 1094 1451 1141 pro
1484 1074 1745 1138 mansueto,
1800 1118 1802 1122 ,

236 1138 289 1189 &
322 1141 525 1206 provido
548 1142 758 1205 Principe
790 1141 1060 1203 Tiberium,
1097 1141 1359 1201 simulandi,
1393 1143 1441 1193 8(
1469 1143 1748 1192 diffimulan-
1790 1166 1794 1175 ·

235 1209 286 1258 di
311 1209 607 1259 architectum
633 1246 644 1265 ‚
688 1208 772 1257 fibi
802 1209 993 1259 doluere
1031 1210 1262 1260 obvenisse
1289 1212 1578 1278 Respublicae.
1659 1213 1753 1279 Qti
1792 1214 1796 1252 ἑ

237 1277 348 1326 cum
370 1279 561 1327 ambiret
584 1276 790 1327 diadema
809 1313 818 1335 ,
856 1276 1028 1326 virtutis
1057 1283 1193 1328 causa
1214 1278 1455 1329 stinulabat
1472 1278 1513 1328 se
1535 1280 1750 1339 abnuere,
1793 1297 1796 1325 t

236 1347 415 1410 quippe
442 1346 661 1410 imparem
679 1343 718 1392 se
745 1345 1070 1408 mentiebatur,
1109 1366 1157 1396 re
1183 1348 1280 1411 ipsa
1295 1348 1595 1412 postmodum
1624 1349 1750 1398 exhi·
1804 1359 1806 1366 ’

236 1413 370 1472 buit,
415 1413 528 1461 dum
563 1410 844 1478 Reipublicae
876 1415 1100 1475 incurius,
1135 1415 1401 1465 deliciarum
1423 1452 1436 1475 ,
1483 1414 1533 1464 ἃ
1574 1416 1752 1467 scorto·
1793 1418 1832 1477 {3-

234 1497 337 1532 rum
368 1480 680 1547 mancipium,
721 1485 842 1530 tanta
868 1480 1065 1530 desaeviit
1105 1483 1350 1548 tyrannide
1372 1524 1383 1546 ,
1429 1499 1477 1533 ut
1513 1485 1756 1554 Magistra·
1796 1513 1807 1539 μ

235 1564 309 1599 tus
334 1551 540 1610 ejusdem
571 1551 635 1598 nil
668 1547 756 1599 nisi
793 1547 1032 1597 Nobilium
1060 1549 1318 1601 carnificina
1349 1552 1589 1602 audierint.
1660 1557 1748 1602 Pro

235 1617 412 1668 liberali
447 1617 688 1681 Principe,
728 1617 896 1676 Caium
929 1614 1045 1679 saepe
1083 1634 1274 1683 expertae
1311 1616 1413 1668 finnt
1455 1619 1748 1670 fortunarum

235 1700 510 1751 raptorem,
546 1684 596 1732 ὁ(
618 1685 918 1749 expilatorem
952 1684 1127 1751 magiS,
1169 1687 1306 1750 quam
1343 1688 1629 1752 Principem,
1671 1689 1749 1753 qui
1796 1728 1802 1733 .

237 1771 360 1803 unus
387 1752 498 1802 dum
529 1769 644 1800 voce
663 1758 712 1800 ea
736 1749 815 1798 fibi
845 1751 1109 1815 plauderet:
1147 1755 1358 1816 oderint,
1403 1755 1504 1802 dum
1524 1772 1748 1816 metuant,
1800 1773 1803 1797 1

235 1840 338 1873 nnn
363 1820 678 1879 moderando,
711 1818 784 1867 sed
807 1818 1050 1884 perdendo
1077 1822 1277 1886 imperio
1301 1823 1484 1883 genitus
1498 1823 1751 1874 videbatur.
1797 1835 1813 1886 Ι,ξἸ

237 1894 330 1940 Pro
375 1886 591 1938 clementi
646 1887 844 1950 denique
885 1888 1094 1936 Domino
1128 1928 1139 1950 ,
1191 1884 1430 1939 Neronem
1477 1891 1754 1942 crudelitatis
1800 1943 1803 1947 ,

238 1958 444 2008 belluina?
466 1968 730 2021 portentum
758 1955 939 2020 potitis,
978 1959 1113 2019 quam
1151 1956 1386 2007 hominem
1410 1960 1588 2025 preaeffe
1625 1961 1756 2012 lacri·

242 2040 402 2083 matae,
439 2025 489 2074 ut
515 2026 644 2084 cujus
676 2023 780 2071 vitia
817 2023 890 2073 vix
925 2023 1053 2073 ullius
1086 2024 1175 2072 vita
1204 2023 1445 2091 superavlt.

342 2090 490 2143 Causa
517 2090 785 2141 mutationis
804 2091 942 2153 hujus
969 2092 1016 2140 in
1049 2092 1257 2158 Principe
1277 2091 1394 2161 saepe
1416 2109 1508 2147 erat
1533 2097 1753 2160 Princeps
1796 2094 1800 2096 ’

241 2159 336 2227 ipse
360 2197 372 2217 ,
410 2157 522 2226 saepe
547 2161 681 2208 etiam
712 2161 948 2224 populus,
983 2160 1061 2224 qui
1094 2156 1422 2222 seditionibus,
1453 2161 1774 2225 dicteriis,&.
1803 2172 1816 2187 ‘¹

241 2227 655 2295 conspirationibus
694 2226 954 2290 Principem
996 2227 1246 2288 invadens,
1284 2232 1485 2281 alienum
1520 2232 1609 2280 effe
1644 2239 1752 2281 coe-

242 2301 340 2366 git,
376 2295 426 2346 &
457 2296 747 2345 diffidentem
787 2293 907 2354 suis,
946 2296 1067 2343 velut
1098 2293 1308 2360 suspee'tis
1332 2337 1343 2359 ‚
1378 2299 1550 2349 tametsi
1588 2298 1756 2348 fuerim

242 2365 434 2431 optimi,
463 2379 596 2430 atque
627 2363 740 2412 adeo
774 2377 996 2428 praetextu
1030 2365 1217 2413 cavendi
1239 2363 1351 2415 feeit
1379 2367 1467 2417 effe
1499 2367 1755 2417 crudelem.

243 2433 433 2482 Suasere
463 2434 617 2482 Romae
645 2449 744 2481 non
769 2432 938 2496 pauci,
972 2445 1024 2480 ut
1054 2432 1305 2483 mediocria
1344 2435 1573 2502 principio
1611 2435 1756 2497 impe·
1816 2443 1832 2479 4τ’

242 2502 297 2550 rii
320 2500 521 2551 Neronis
546 2501 650 2551 vitia
674 2500 867 2549 civiliter
890 2497 1006 2548 ferat
1024 2535 1035 2556 ,
1072 2514 1206 2566 atque
1232 2500 1475 2553 dissimulet
1503 2520 1516 2563 3
1551 2501 1607 2551 fic
1630 2503 1753 2551 enim

243 2567 494 2638 benignum
519 2565 741 2620 servatum
772 2567 840 2616 iri.
911 2574 977 2618 At
1003 2567 1113 2616 dnm
1147 2567 1294 2634 spreto
1316 2570 1500 2621 consilio
1532 2570 1758 2634 importu-

245 2636 306 2685 ne
340 2637 535 2687 eundem
570 2654 755 2702 carpere
780 2632 907 2697 ausa,
947 2636 1064 2684 adeo
1101 2637 1159 2685 ad
1196 2637 1375 2705 frugem
1410 2656 1502 2688 non
1539 2636 1748 2697 reduxit,

244 2719 297 2754 ut
330 2704 465 2755 instar
503 2704 699 2756 vulneris
725 2703 875 2755 vexati
899 2702 1175 2754 deteriorem
1205 2704 1349 2775 louge
1379 2705 1595 2755 effecerit.

1510 2840 1684 2892 Secun-

1827 2672 1832 2690 l
