1832 3151
328 98 454 157 116
726 87 1305 178 ξθὲζῠῆξέὲέ

244 198 342 249 rios
377 197 524 257 inter,
563 212 617 245 ac
643 193 815 247 Fabios
840 192 969 243 licuit
1009 192 1255 244 numerari.
1352 193 1531 260 Neque
1569 195 1736 244 mirum
1769 212 1787 255 3

236 265 332 316 suis
356 279 499 325 terra,
531 264 623 315 suis
655 265 826 315 ecelum
851 264 1060 329 loquitur
1088 262 1279 331 linguis.
1351 264 1437 312 Illa
1462 262 1576 312 dum
1593 265 1784 313 nomine

237 332 343 401 :ipso
384 335 605 383 virtutum
643 333 880 390 stimulOS‚
918 330 972 379 ἃ.
1008 328 1182 380 semina
1216 330 1409 380 laudum
1448 331 1526 380 dat
1557 332 1738 398 gerenti
1771 348 1787 391 3

238 403 335 454 hoe
355 419 501 469 porro
528 404 641 451 dum
658 400 941 451 fer-alienam
954 399 1003 448 in
1027 400 1184 448 noelis
1214 400 1381 463 iipario
1412 400 1501 449 iras
1527 397 1630 448 suas
1658 401 1790 449 fiam-

239 471 332 522 mis
370 470 593 539 praesagit.
666 469 815 518 Pudet
843 466 1078 518 enimvero
1104 467 1389 517 domitorem
1415 468 1541 519 orbis
1569 484 1686 518 voce
1714 486 1786 517 re-

236 539 387 599 ferre,
431 542 560 603 cujus
596 538 704 589 cum
735 538 793 585 ne
824 536 1035 584 umbram
1067 537 1245 585 virtutis
1274 535 1470 601 referat,
1514 538 1701 606 ignavia
1738 535 1787 586 se

234 606 391 674 ipsum
430 608 682 674 prostituat.
749 605 927 654 Natum
956 603 1082 653 Orbi
1115 605 1437 654 Macedonem
1461 604 1589 656 senfit
1611 605 1750 654 Persis
1771 641 1795 666 ,,

238 681 437 743 Europa
462 677 680 739 Attilam,
701 673 830 724 ferali
851 687 1041 738 uterque
1060 672 1201 722 fidere
1218 673 1586 740 praesagiebatur.
1621 675 1786 739 Astya-
1819 707 1823 713 -

237 762 324 814 ges
356 747 518 794 contr&
540 744 642 795 vitis
679 745 725 793 in
764 758 949 791 morem
981 739 1244 790 inumbrare
1280 742 1510 807 Assyriam
1545 779 1557 802 ,
1598 743 1787 793 Servius

238 813 410 864 Tullus
452 814 639 863 flamma
669 813 790 861 coelo
823 809 1020 860 deciduss
1053 826 1170 875 puer
1200 809 1368 858 ambiri
1409 810 1530 861 visus
1551 846 1563 869 ,
1598 811 1786 874 utrique.

230 878 360 949 signa
387 882 640 948 imperium
671 878 937 928 detulerunt
956 914 968 938 ,
993 893 1237 942 antequam
1275 877 1474 929 fascibus
1494 878 1782 948 designaren-

233 963 325 1001 tur.
397 953 421 1001 I
452 951 629 1008 modo,
656 947 709 997 &
730 946 996 998 Vatidicum
1034 946 1151 995 illud
1181 945 1394 996 exsibilat
1422 947 1650 1013 Sper-”intus
1670 965 1784 996 nun-

231 1037 369 1089 quam
397 1022 544 1069 terris
574 1019 756 1084 impune
790 1032 996 1065 cometes.
1090 1017 1202 1064 Belli
1241 1016 1397 1081 priore
1430 1015 1597 1066 sarculo
1628 1016 1784 1066 ultimi
1821 1063 1827 1076 ‚

230 1089 450 1140 incendia
477 1090 632 1139 recole
643 1104 658 1146 3
686 1099 866 1152 quanto
900 1085 965 1134 est
986 1098 1276 1148 parentatum
1303 1085 1489 1134 cruore!
1527 1100 1577 1135 ut
1603 1084 1785 1134 vicenis

230 1157 437 1224 amplius
469 1158 598 1207 annis
625 1156 817 1205 terrenti
848 1152 1014 1202 orbem
1050 1151 1245 1201 caudato
1283 1151 1429 1202 fidere
1450 1152 1786 1222 restinguendo

227 1224 536 1278 satisdaretur.
639 1223 755 1274 Nox
797 1223 1009 1287 suprema
1044 1219 1198 1269 feralis
1245 1220 1335 1271 visa
1370 1224 1503 1288 Julio
1540 1259 1552 1283 ‚
1593 1220 1682 1273 visa
1727 1222 1782 1274 &
1820 1240 1823 1250 ¹

226 1296 364 1346 uxori
412 1293 747 1360 Calphurniae‚
807 1289 860 1340 &
897 1291 992 1341 heu
1025 1289 1296 1356 parricidale
1341 1293 1468 1340 Bruti
1514 1291 1685 1340 ferrum
1735 1308 1783 1340 e·
1818 1295 1824 1317 ²

228 1377 422 1415 ventum
458 1362 623 1420 dedit,
660 1361 770 1410 cum
809 1358 990 1409 occidit
1013 1393 1025 1417 ,
1063 1376 1142 1424 per
1178 1376 1316 1424 quem
1348 1361 1633 1427 regnatrices
1671 1359 1779 1410 orbi
1816 1403 1832 1424 ,Α

228 1433 412 1499 Aquilae
448 1446 557 1482 ortae
596 1429 718 1480 sunt.
794 1429 987 1492 Nempe
1021 1429 1112 1476 tela
1151 1423 1255 1477 sunt
1289 1429 1395 1494 Jovi
1420 1468 1432 1490 ,
1487 1427 1539 1478 &
1573 1446 1672 1493 quae
1709 1431 1782 1479 lu-
1816 1461 1822 1472 f

227 1515 393 1559 ceant,
428 1498 481 1550 ἃ
513 1516 611 1565 quae
659 1498 842 1547 feriant.
951 1499 1055 1545 Lux
1096 1494 1192 1562 ipsa
1236 1497 1411 1547 tametsi
1449 1514 1552 1547 non
1594 1497 1728 1547 feriat
1758 1533 1774 1556 ‚

233 1583 461 1620 terrorem
491 1567 657 1626 addit,
690 1564 742 1614 ἃ
770 1566 1032 1623 monitum,
1059 1579 1109 1614 ut
1146 1580 1391 1615 caveantur
1422 1564 1688 1618 discrimina
1720 1564 1780 1626 ab
1828 1588 1832 1614 ,-

228 1637 318 1698 iis,
357 1637 438 1704 q'ui
471 1637 707 1686 flammam
736 1634 930 1694 vident,
953 1631 1118 1684 sonum
1143 1652 1240 1683 non
1273 1634 1481 1686 audiunt.
1551 1636 1645 1700 Nis
1677 1637 1786 1703 gloi

223 1707 329 1766 riae,
363 1707 434 1755 vis
464 1705 654 1755 decoris
692 1702 1060 1772 argumentum?
1093 1702 1270 1770 grande
1298 1721 1471 1755 nomen
1502 1721 1629 1772 gere.
1683 1708 1783 1754 Aut
1811 1725 1832 1769 ῃ

224 1790 405 1825 nomen
425 1772 701 1840 ponendum
719 1808 731 1831 ,
760 1785 835 1822 aut
866 1775 1009 1822 virtus
1043 1770 1260 1824 {timenda
1277 1804 1293 1829 ,
1313 1786 1485 1822 aeterno
1508 1772 1688 1821 monito
1709 1774 1782 1834 ju»
1814 1770 1819 1797 ³

223 1843 304 1893 xta}
337 1859 393 1893 ae
416 1845 612 1893 vulnere
642 1841 726 1890 fibi
773 1840 993 1890 inclamat
1025 1840 1220 1888 animus.
1308 1844 1379 1891 Ut
1412 1840 1583 1890 mirum
1614 1839 1667 1890 fit
1692 1842 1780 1889 mi-
1808 1837 1818 1885 s

226 1910 384 1974 nime,
419 1908 552 1979 quod
579 1926 725 1961 nemo
756 1907 979 1958 haRenus
1002 1910 1209 1957 Romana
1237 1908 1436 1976 dignum
1458 1907 1503 1958 se
1524 1924 1646 1958 ratus
1667 1927 1782 1975 pur·
1810 1942 1812 1957 1

219 1982 340 2045 pura
371 1978 452 2041 fit,
487 1978 570 2045 qui
593 1978 784 2030 Caesaris
810 1976 896 2026 fibi
920 1994 1029 2026 cum
1049 1974 1165 2026 solio
1189 1995 1289 2028 non
1319 1976 1557 2028 adsciverit
1575 1994 1776 2029 nomen.

217 2049 458 2100 Bellorum
491 2046 689 2099 flammis
723 2059 802 2096 aut
835 2045 1203 2114 restinguendis,
1241 2060 1319 2095 aut
1356 2047 1576 2097 acuendis
1608 2046 1780 2111 aptissi-

223 2134 357 2166 mum
387 2116 614 2183 pabulum
646 2132 821 2166 nomen
846 2114 927 2164 est.
1011 2112 1125 2163 Fere
1164 2115 1316 2174 enim,
1343 2117 1392 2165 ut
1417 2115 1578 2180 opinio
1610 2114 1775 2182 vulgi,
1807 2132 1823 2178 ῃ

219 2184 283 2235 fic
319 2185 541 2234 meritum
573 2183 859 2248 comprobat
891 2222 904 2246 ,
951 2181 1083 2248 quod
1126 2187 1402 2232 conveniant
1432 2183 1563 2232 rebus
1592 2189 1776 2233 nomina
1819 2239 1822 2242 ⁴

207 2251 334 2319 saepe
357 2251 473 2316 fitis.
566 2252 979 2321 Quemadmodum
1015 2251 1139 2299 enim
1178 2251 1411 2312 nominis,
1451 2251 1514 2300 fic
1558 2251 1774 2315 virtutis,
1818 2284 1822 2310 ‚-

217 2336 296 2371 aut
324 2321 425 2371 vitii
452 2327 623 2390 magna
655 2335 785 2386 parte
818 2320 881 2369 est
916 2317 1160 2368 haereditas
1191 2319 1376 2370 eadem.
1461 2321 1530 2370 Ut
1559 2321 1734 2371 Seneca
1758 2355 1780 2381 ,
1817 2348 1821 2379 Ι

215 2388 315 2442 nisi
344 2388 555 2456 sapiens3
589 2392 840 2458 Mytecus,
871 2406 925 2439 ac
949 2386 1180 2438 Thersites
1204 2424 1216 2448 ‚
1240 2389 1329 2439 nisi
1354 2389 1576 2457 ignavus;
1610 2389 1734 2439 Cato
1753 2423 1769 2448 ,
1816 2418 1819 2422 -

214 2458 311 2510 nisi
337 2459 490 2526 gravis
531 2458 749 2509 haRenus
779 2474 939 2507 nemo,
1008 2459 1070 2506 Et
1089 2474 1198 2519 cur,
1231 2458 1396 2508 amabo
1414 2494 1426 2518 ‚
1454 2457 1638 2508 tremuit
1657 2474 1792 2508 cum.
1815 2469 1820 2513 l

218 2527 310 2577 Ilio
341 2527 546 2587 Graecia‚
570 2542 679 2576 cum
710 2524 974 2593 Quiritibus
1014 2527 1216 2591 populi,
1254 2526 1364 2577 cum
1404 2527 1543 2576 ferale
1579 2526 1641 2574 illi
1669 2528 1767 2574 He-

220 2595 362 2645 &oris
385 2630 397 2654 ‚
437 2595 614 2645 horum
646 2595 765 2646 Urbi
814 2612 906 2660 pro
949 2592 1129 2645 foribus
1176 2595 1460 2647 imminentis
1496 2593 1772 2645 Hannibalis

213 2676 336 2728 quot
361 2666 585 2724 nomina,
609 2663 805 2714 fulmina
838 2662 1037 2714 totidem
1071 2663 1406 2729 personarent?
1436 2662 1551 2726 nisi,
1592 2664 1700 2728 quia
1736 2663 1763 2712 ὲ
1811 2672 1816 2715 .’

212 2729 318 2781 solo
347 2731 485 2782 etiam
509 2733 705 2783 nomine
725 2734 870 2781 ruinae
899 2730 1175 2799 praesagium
1204 2731 1489 2782 imminebat.
1589 2731 1789 2799 Neque,

215 2799 379 2853 minor
401 2799 640 2855 hodierno
670 2801 811 2853 etiam
839 2818 933 2854 aevo
956 2804 1068 2869 toga
1093 2800 1290 2867 perinde
1334 2818 1387 2853 ae
1417 2796 1533 2868 sago
1559 2799 1762 2867 nominis
1810 2842 1812 2849 ,

1561 2882 1696 2922 tuen·
