1832 3151
260 81 340 154 56
562 46 1221 159 ‘ffiwmffl

167 196 268 232 tum
302 179 530 233 Aristoteli
550 181 650 232 sum
673 182 910 240 amicitiae3
937 179 1152 234 discretio
1179 182 1420 252 gustuum,
1445 183 1577 249 copia
1599 199 1710 231 nau·

171 248 295 299 seam
318 251 451 315 parit.
523 253 681 300 Veteri
714 250 817 298 illo:
855 252 1072 313 nimium,
1100 255 1283 300 vitium.
1355 255 1473 301 Tam
1503 252 1612 300 vitio
1634 250 1709 298 da·

173 330 218 367 ta
263 317 449 384 Scythis
489 318 689 368 amicitia
721 319 947 383 plurium,
991 322 1127 385 quam
1172 320 1349 370 mulieri
1389 321 1465 368 un‘i
1507 320 1712 368 virorum

173 387 374 452 plurium
409 385 709 436 consuetudo.
793 386 984 453 Nempe
1020 391 1135 437 Vate
1159 387 1297 437 teste:
1331 391 1474 436 nullus
1504 391 1668 435 amicus
1691 426 1706 448 ,

175 451 257 502 ubi
292 454 427 503 multi
457 471 757 503 numerantur
788 458 939 504 amici.
1011 455 1204 504 Limites
1240 454 1379 506 habet
1406 456 1607 505 humana
1627 471 1714 518 po-

174 523 318 571 tentia
341 522 582 588 quaelibet,
604 540 735 573 amor
770 522 868 588 ipse
902 521 1068 572 divisus
1094 521 1306 591 frigescit.
1375 529 1509 575 Unus
1532 522 1714 572 Eurialo

175 588 346 654 Nisus,
374 591 528 641 Oresti
552 591 756 650 Pilades‚
793 590 891 639 imo
929 590 960 640 fi
995 592 1214 642 Ciceroni
1243 590 1356 640 fides
1381 627 1395 651 ‚
1437 595 1512 640 vix
1542 589 1713 640 saeculis

178 672 337 708 natum
376 678 457 725 par
497 659 651 708 nobile
686 659 959 708 amantum:
1010 650 1094 724 qus
1125 677 1240 728 ergo
1277 661 1447 709 multos
1484 658 1714 709 censeat?

183 726 339 775 Solem
381 745 524 777 unum
555 726 925 792 heliotropium,
966 742 1074 777 acus
1116 730 1292 778 nautica
1332 729 1524 786 Polum,
1560 741 1720 776 amans

177 795 428 843 terminum
455 809 607 845 teneat
643 796 843 845 unicum.
926 796 1178 845 Multitudo
1206 798 1372 845 erroris
1405 794 1522 861 sirpe
1543 834 1555 857 ‚
1591 794 1721 843 dolo·

177 862 237 910 ris
265 864 453 912 materia
478 862 786 912 communius.
870 865 1033 912 Unum
1065 863 1230 930 proba,
1265 863 1387 913 dives
1411 864 1454 911 in
1486 879 1629 912 aevum
1655 879 1722 920 es,

178 927 210 977 fi
240 929 438 995 deligas,
470 948 608 996 quem
644 931 820 998 diligas.
891 930 1044 990 Cave,
1081 931 1286 980 dextram
1313 932 1457 981 cuivis
1490 931 1720 994 injeceris.

180 999 446 1064 Melopepo
474 999 647 1050 amicus
687 1002 774 1061 est,
804 998 1031 1063 probandi
1068 1001 1247 1065 plurcS‚
1284 1000 1436 1049 donec
1459 1017 1601 1058 unus3
1623 1015 1724 1048 non

183 1067 338 1115 colore
355 1085 544 1132 „neque
566 1068 735 1117 cortice
762 1068 1105 1131 approbandus.
1175 1066 1401 1117 Profunda
1420 1068 1605 1117 flumina
1625 1080 1727 1116 ten-

185 1134 322 1181 tanda
352 1131 451 1183 sum
484 1135 666 1191 bofide,
703 1134 959 1201 priusquam
990 1136 1040 1186 iis
1071 1148 1116 1185 te
1147 1138 1320 1187 credas.
1384 1135 1725 1203 Congaudere,

183 1201 465 1262 condolere,
494 1205 764 1266 amantium,
797 1220 893 1252 non
919 1202 1114 1265 cujusvis
1141 1203 1204 1253 est
1239 1204 1409 1272 regula.
1479 1207 1685 1254 Flamma
1713 1237 1729 1261 ,

184 1266 236 1317 &
268 1287 399 1319 amor
419 1269 588 1323 divisus
615 1286 691 1321 aut
718 1270 914 1334 robore,
950 1286 1026 1320 aut
1053 1271 1348 1322 diuturnitate
1380 1286 1516 1325 caret.
1600 1271 1730 1321 Ami-

183 1336 287 1386 citia
315 1337 617 1404 frequentior,
645 1338 940 1390 formicarum
973 1340 1036 1388 est
1065 1342 1297 1403 cumulus,
1323 1356 1399 1391 ant
1430 1340 1731 1391 hirundinum

184 1417 398 1470 tempus·‚
426 1406 618 1469 abeunt,
648 1407 700 1456 ἃ
725 1408 916 1459 redeunt
946 1408 1027 1457 illae
1054 1405 1131 1456 suo
1171 1407 1390 1458 duntaxat
1416 1423 1492 1459 aut
1519 1424 1733 1459 commo-

187 1472 277 1535 do,
309 1486 384 1523 aut
420 1475 738 1526 incommodo.
811 1474 1045 1525 Advolant
1068 1473 1118 1523 ἃ
1147 1479 1352 1527 revolant
1387 1475 1454 1526 hae
1485 1475 1565 1528 suo
1598 1475 1734 1526 solius

185 1542 461 1594 commodo.
565 1543 801 1607 Denique:
839 1546 1077 1608 Tempore
1114 1543 1237 1594 felici
1274 1546 1444 1595 multos
1472 1544 1737 1595 numerabis

180 1611 390 1671 amicos,
420 1625 652 1677 tempora,
693 1611 724 1660 fi
749 1612 917 1662 fuerint
946 1611 1120 1673 nubila,
1154 1614 1302 1663 nullus
1332 1614 1431 1663 erit.
1519 1615 1702 1680 Aspicis
1721 1647 1736 1672 ,

189 1677 241 1726 ut
283 1680 467 1728 veniant
502 1680 556 1728 ad
586 1679 778 1729 candida
816 1679 930 1728 tecia
958 1678 1211 1739 columbae,
1244 1681 1438 1747 accipiat
1464 1683 1610 1731 nullas
1640 1680 1735 1731 sor-

191 1744 299 1793 dida
336 1749 467 1796 turris
495 1748 641 1798 aves?
673 1750 851 1795 Horrea
882 1745 1086 1796 formicae
1119 1746 1314 1799 tendunt
1341 1748 1397 1798 ad
1430 1751 1577 1800 inania
1615 1768 1738 1800 nun-

193 1829 358 1876 quam,
385 1817 531 1864 nullus
559 1816 614 1864 ad
648 1815 819 1864 amissas
848 1812 931 1863 ibit
958 1813 1130 1863 amicus
1161 1832 1290 1880 opes.
1363 1818 1556 1867 Terrent
1575 1819 1734 1870 incon·

193 1881 359 1930 stantes
392 1884 553 1949 genios
575 1883 707 1933 sortis
742 1884 966 1949 procellae.
1038 1883 1290 1948 Nunquam
1309 1919 1322 1945 ‚
1342 1886 1417 1950 qui
1438 1885 1511 1935 his
1527 1884 1734 1937 succum-

194 1947 284 2006 bit,
312 1966 391 2012 pat·
412 1950 475 1999 est
497 1968 722 2017 germano
760 1951 967 2000 amicitiae
997 1967 1122 2000 auro.
1193 1952 1351 2002 Furius
1375 1953 1467 2004 hoe
1495 1971 1734 2020 uunquam

194 2014 369 2083 fulget,
417 2035 467 2066 ac
497 2020 608 2067 dum
648 2019 846 2068 flammis
885 2017 1310 2071 vehementioribus
1354 2021 1596 2086 coquitur3
1631 2023 1737 2089 quia

197 2102 293 2133 rara
323 2083 416 2135 haec
445 2085 531 2135 dos
564 2087 626 2135 est
655 2086 826 2154 glebae,
853 2087 965 2135 tanti
998 2085 1050 2135 fit
1091 2104 1284 2146 aurum;
1316 2088 1418 2153 quia
1454 2090 1598 2139 rarior
1624 2107 1735 2159 prae-

196 2153 402 2220 rogativa
434 2153 531 2205 haec
557 2155 620 2204 est
651 2155 868 2214 amantis,
893 2154 1007 2203 tanti
1034 2171 1150 2205 unus
1183 2155 1267 2204 tibi
1297 2155 1348 2205 sit
1381 2157 1579 2215 amicus«

684 2305 838 2366 PRo
908 2301 1250 2365 MuLTIS.

205 2432 406 2550 QUis
431 2435 635 2501 locuples
666 2434 810 2494 adeo,
841 2433 952 2501 quin
973 2432 1154 2502 indigus
1177 2431 1227 2481 sit
1250 2431 1542 2484 amicorum?
1570 2433 1647 2486 hic
1684 2455 1734 2490 u-

352 2520 436 2551 nus
467 2504 508 2551 in
527 2501 880 2553 orbethelaurus
900 2501 1137 2552 maximus.
1207 2500 1390 2552 Infirma
1409 2518 1731 2556 coronatorun

203 2571 304 2621 sunt
329 2571 526 2630 robora,
555 2572 648 2620 nisi
690 2572 848 2620 alienis
888 2568 1003 2619 fulta
1033 2569 1195 2620 officiis
1214 2604 1226 2628 ,
1257 2571 1460 2628 auxiliis,
1499 2573 1734 2635 praefidiis.

205 2645 317 2690 AEre
341 2637 515 2688 facilius
536 2674 547 2695 ,
573 2639 695 2705 vulgi
726 2638 879 2688 sensus
906 2637 997 2697 est,
1023 2640 1159 2703 quam
1190 2639 1338 2686 amico
1367 2636 1459 2686 fine
1479 2641 1614 2688 vitam
1638 2644 1729 2690 exi-

200 2710 248 2776 gi
277 2708 415 2773 posie.
501 2708 590 2755 Vel
614 2702 671 2756 eo
696 2719 874 2764 tamen,
907 2706 956 2755 ut
989 2706 1108 2764 auri,
1152 2704 1210 2754 fic
1243 2704 1336 2754 fere
1369 2706 1623 2756 amicorum
1654 2726 1729 2759 co-

196 2778 282 2841 pia:
319 2772 478 2826 crescit
510 2792 652 2824 amor·
740 2773 919 2826 Crescit
952 2791 1081 2823 amor
1117 2774 1293 2823 nummi
1321 2807 1335 2832 ‚
1377 2776 1596 2839 quantum
1629 2777 1727 2842 ipsa

1520 2860 1664 2909 pecu-
