1781 3151
310 112 391 167 ιε
681 95 1259 190 &famma-‘a

227 207 525 277 providentia
537 219 704 257 natura·
724 212 830 257 Pror
845 208 980 260 inciis
992 245 1004 271 ,
1017 210 1232 275 Imperiis
1249 243 1263 273 ‚
1286 209 1459 279 Regnis
1474 227 1590 279 opes
1611 248 1624 276 ,
1657 216 1750 269 sina

220 278 346 345 gulis
373 275 495 343 pene
523 273 721 343 {iugulas
743 276 963 326 duntaxat
981 313 993 337 ,
1029 278 1172 330 rarius
1191 282 1348 346 plures
1367 320 1379 344 ‚
1414 281 1529 330 nulli
1561 275 1752 338 omnes.-

219 348 382 398 Vincit
403 358 615 394 naturam
639 343 901 394 institorum
941 343 1194 412 industria,
1231 352 1342 400 velis
1384 350 1560 417 exiguis
1602 355 1745 405 Gara·

222 428 402 465 mantas
427 410 479 461 ἃ
503 410 647 462 Indos
669 411 728 462 lic
757 416 954 479 Europae
984 414 1172 466 nectens
1193 454 1206 479 ‚
1241 431 1291 467 ut
1336 419 1563 468 orientem
1594 419 1642 470 in
1665 436 1746 471 oc*

217 482 455 535 ‘cidentem
497 479 658 528 credas
685 477 900 546 migrare.
981 480 1273 534 Nanciscitur
1306 485 1397 536 hoc
1429 489 1569 550 pafio
1597 491 1744 540 Patria

218 553 388 617 quaevis
412 547 542 598 domi
575 545 666 596 suae
688 547 870 610 omnia,
904 545 1025 614 quasi
1046 551 1255 600 omnium
1293 553 1345 603 sit
1365 570 1507 605 mater
1531 554 1745 622 Septem·

220 622 343 682 trio,
381 634 479 684 quae
518 615 648 667 orbis
677 631 865 677 ,exterus
892 633 989 665 non
1014 616 1107 679 jam
1145 619 1380 685 gignere,
1417 623 1495 672 sed
1519 641 1644 675 avara
1670 642 1742 676 re.

218 701 324 739 'rum
365 700 472 736 vota
502 686 671 750 poffint
698 721 709 743 ,
758 701 833 735 aut
879 685 1025 734 velint
1058 701 1235 752 optare.
1299 687 1516 738 Alterius
1544 708 1630 741 non
1644 693 1737 760 stt,

223 760 304 824 qui
321 752 432 817 suus
475 751 552 821 effi’
577 752 722 819 potes}
743 794 756 817 ,
807 767 940 804 vetus
961 768 1057 804 erat
1101 756 1307 806 Politica.
1375 756 1545 808 Verior
1578 761 1742 812 nullibi

217 822 380 893 regula
411 859 423 883 ,
463 838 514 872 ac
535 819 586 873 in
610 821 882 888 Reipublicae
903 819 1137 873 felicitate.
1205 827 1314 892 Quo
1342 826 1463 876 enim
1484 828 1620 890 pasto
1643 848 1741 880 cer·

216 894 309 944 tius
342 893 548 941 canalem
575 889 712 956 hujus
740 890 898 942 alienis
920 892 944 942 ὲ
969 893 1102 942 terris
1126 892 1174 943 in
1200 907 1298 945 tuas
1331 896 1538 954 derivas,
1561 898 1739 949 acdum

217 979 317 1012 non
349 959 558 1027 precario
581 974 679 1011 tum
710 960 991 1024 commoda,
1028 977 1128 1012 tum
1164 960 1360 1013 subsidia
1400 964 1503 1016 vitae
1552 979 1740 1031 compa·

216 1046 319 1092 ras,
358 1031 507 1080 alieno
537 1044 633 1080 uon
656 1028 829 1097 pendes
851 1045 927 1079 aut
946 1027 1135 1081 arbitrio
1162 1064 1174 1090 ,
1215 1046 1293 1081 aut
1330 1033 1466 1099 lege,
1490 1048 1580 1099 Vaut
1614 1035 1741 1084 favo·

219 1116 286 1149 re.
323 1099 479 1148 Tanto
502 1100 679 1167 quippe
700 1099 851 1149 minsis
872 1100 1069 1149 aliorum
1094 1098 1306 1169 indigus,
1346 1097 1519 1166 quanto
1540 1100 1624 1151 tibi
1643 1121 1739 1152 ma-

218 1167 296 1246 gis
324 1166 566 1218 sufficiens.
651 1166 811 1216 Vincit
832 1168 1180 1218 admirationem
1218 1168 1437 1219 Gentium
1475 1170 1738 1234 Hollandia,

217 1253 270 1287 ιιι
309 1253 396 1301 qua
428 1233 565 1286 cessat
607 1235 695 1285 esse
732 1236 1008 1304 prodigium
1035 1272 1047 1296 ,
1093 1234 1200 1302 q'uia
1239 1238 1392 1289 indies
1437 1238 1738 1299 innovatum3

219 1305 349 1370 quod
389 1306 530 1371 inops
552 1301 650 1355 fere
679 1305 892 1355 omnium
924 1319 1082 1357 natura
1111 1304 1231 1366 soli,
1269 1305 1475 1357 faecunda
1501 1320 1659 1357 tamen
1685 1307 1740 1357 fit
1780 1313 1781 1320 ’

220 1375 435 1422 omnium
476 1391 560 1438 per
585 1388 909 1424 mercaturam-
988 1374 1197 1427 Orientis
1225 1374 1393 1442 opibus
1417 1375 1594 1425 nostras
1622 1376 1738 1428 ditat
1777 1432 1781 1440 ,

217 1442 509 1502 Provincias,
543 1441 710 1492 nostris
734 1440 861 1493 suas:
900 1441 1011 1493 dum
1041 1460 1207 1494 aureos
1229 1462 1323 1494 non
1344 1444 1501 1508 rivos,
1540 1442 1614 1493 sed
1647 1459 1743 1494 tor·
1777 1483 1780 1486 ,

215 1525 397 1568 rentes,
432 1525 569 1575 atque
597 1509 714 1561 adeo
742 1510 970 1561 felicitatis
990 1512 1214 1573 animam,
1253 1511 1303 1561 ἃ
1338 1509 1618 1578 Reipublicae
1636 1530 1739 1562 ner·
1780 1571 1781 1574 Ἰ

201 1577 333 1629 'vum
359 1578 443 1628 fibi
479 1579 631 1629 reddit
672 1578 960 1646 vectigalem.
1029 1580 1297 1646 Sequuntur
1342 1596 1499 1630 caetera
1534 1584 1738 1645 Europa!

220 1649 456 1712 emporia,
494 1647 692 1716 Anglia,
718 1648 888 1708 Gallia,
922 1649 1176 1708 Lusitania,
1210 1649 1396 1706 Dania,
1430 1649 1734 1713 Russiazquo-
1778 1651 1781 1654 ’

217 1734 323 1767 rum
355 1733 465 1767 cura
485 1716 734 1782 Princeps,
769 1716 973 1768 Orientis
1007 1716 1057 1766 ἃ
1078 1716 1373 1779 Occidentis,
1416 1716 1584 1779 Indiae,
1605 1716 1741 1782 Asiae,
1773 1742 1781 1747 ·

217 1784 411 1847 Africae,
449 1786 706 1846 Americae,
744 1784 793 1835 ἃ
822 1802 920 1851 quae
961 1783 1066 1836 sunt
1107 1784 1341 1848 eiusmodi
1364 1787 1609 1836 nominum
1653 1787 1737 1835 So·
1776 1787 1780 1792 ’

218 1854 411 1903 cietates
440 1855 618 1922 erigere
653 1893 664 1917 ‚
711 1855 826 1905 tueri
865 1889 877 1914 ‚
912 1873 1216 1923 propugnare
1246 1864 1264 1914 ’ς
1312 1853 1480 1920 quibus
1520 1855 1545 1902 e
1579 1867 1741 1906 mente
1778 1854 1779 1857 '

214 1922 487 1989 Philosophi
520 1923 545 1988 (
575 1925 602 1972 l.
630 1923 745 1973 1.de
761 1926 931 1990 Rep.c.
952 1923 1043 1989 9.)
1074 1942 1127 1974 ea
1159 1922 1371 1974 fundetur
1396 1921 1495 1973 orbi
1524 1922 1738 1981 felicitas,
1771 1958 1773 1961 ι

217 1994 309 2059 qua
331 1992 584 2042 commode
614 1990 816 2042 sufficiat
859 1993 1105 2055 omnibus,
1142 1992 1267 2058 quod
1296 2009 1436 2042 avarae
1471 1990 1735 2055 aliquorum
1767 2008 1769 2017 ²

216 2061 267 2112 in
290 2059 463 2111 finibus
498 2060 626 2110 deest
649 2075 833 2111 naturae.
903 2061 1057 2112 Risum
1088 2062 1299 2127 equidem
1331 2060 1506 2110 cierent
1538 2073 1734 2113 conatus
1764 2071 1776 2111 s

216 2130 512 2195 Principum,
551 2130 601 2178 <St
625 2129 1091 2197 Rei-timpublicarum
1125 2145 1216 2180 tam
1246 2128 1444 2196 improbi
1470 2167 1482 2189 ,
1520 2128 1606 2179 nisi
1634 2127 1735 2177 hoc:

217 2198 564 2250 maritimorum
600 2200 874 2266 cumprimis
902 2201 1290 2251 commerciorum
1325 2198 1565 2247 molimine
1591 2195 1736 2246 felici·

213 2279 285 2317 tas
318 2269 473 2318 Patri-2
495 2266 779 2318 fundaretur.
853 2270 1050 2320 Felicem
1085 2269 1240 2318 reddit
1268 2267 1375 2316 belli
1402 2282 1567 2316 nervus
1600 2267 1750 2314 Reme

215 2335 493 2403 publicam?
523 2334 615 2386 filia
636 2341 700 2387 est
721 2341 1125 2388 commerciorum.
1200 2337 1400 2386 Succum
1426 2373 1438 2396 ,
1476 2333 1527 2383 ἃ
1552 2333 1736 2402 [angui-

217 2421 330 2454 uem
362 2402 651 2475 sanguisugae
674 2409 857 2471 rapiunt
896 2409 1038 2458 exteri
1066 2443 1078 2468 ,
1123 2407 1255 2456 luxfis
1289 2403 1342 2453 ἃ
1375 2401 1633 2469 splendoris
1664 2418 1730 2449 ar-
1780 2403 1781 2414 ³

219 2472 335 2522 tium
376 2473 616 2525 reddentes
647 2473 862 2535 inventa,
901 2475 1066 2527 nostris
1107 2494 1265 2525 aurum
1300 2471 1543 2523 visceribus
1585 2471 1735 2534 depo-

217 2537 415 2594 scentes.
483 2547 666 2593 Merces
691 2545 881 2610 utilitas,
920 2559 1125 2595 aromata
1149 2544 1407 2602 necestitaS,
1447 2540 1587 2591 exteri
1629 2537 1731 2588 Caz-
1778 2530 1781 2600 Ι

218 2609 249 2660 li
278 2611 465 2664 delicias
495 2612 757 2664 decumano
789 2617 923 2666 multi
942 2614 1184 2679 impendio
1215 2612 1483 2668 vendicanu
1518 2606 1550 2656 fi
1570 2606 1733 2673 prunis·

219 2677 248 2728 ὲ
284 2681 491 2731 manibus
527 2682 785 2733 institorum
813 2685 910 2735 haec
945 2687 1048 2734 vela
1079 2683 1328 2742 deferant;
1381 2684 1548 2746 exiguo
1592 2675 1734 2735 alien!

221 2746 336 2798 dum
371 2764 640 2814 comparant
674 2787 687 2813 ,
731 2770 895 2806 aureos
929 2754 1064 2822 Jovis
1102 2752 1298 2811 imbreS,
1333 2764 1467 2814 atque
1497 2745 1614 2795 adeo
1654 2745 1734 2793 Sa·
1762 2806 1766 2809 Β

224 2817 347 2869 turni
374 2817 511 2871 lustra
537 2819 668 2872 domi
696 2820 782 2875 suae
817 2837 1103 2893 promovent
1134 2855 1149 2886 ,
1195 2819 1248 2872 ὃς
1288 2816 1575 2874 conservant.
1639 2813 1733 2862 Sua

1570 2897 1672 2938 non
