1832 3151
345 118 463 180 154
727 61 948 183 ἓξὲξ
993 117 1036 162 0
1081 101 1116 182 )
1161 99 1303 186 ξὲῗὲἒ
1823 0 1832 73 l.

255 204 436 266 remisi,
473 199 789 250 benevolentis?
810 243 823 264 ‚
885 203 1145 251 abditorum
1185 204 1232 254 in
1266 202 1531 268 Principem
1559 239 1573 265 ‚
1607 204 1782 256 Prinei·
1829 213 1832 257 i

253 273 327 338 pis
354 272 398 319 in
442 269 657 320 subditos
697 288 876 334 amore,
929 270 1562 337 &jzaslitid‚c011ciliabitur.
1635 277 1783 327 Pauca

258 339 319 390 de
344 339 534 407 fingulis
569 338 805 399 delibabo.

356 406 628 457 Authoritas
651 407 803 472 Liplio
824 428 870 465 4.
895 408 1030 456 Polit.
1056 421 1099 466 8.
1131 409 1194 459 est
1209 406 1655 475 imprcffaficbditis,
1698 427 1782 459 aut
1831 436 1832 439 ¹

256 478 435 525 exteris
461 478 614 541 opinio
643 493 858 524 reverens
883 475 936 522 de
957 475 1107 542 Rege,
1145 472 1472 544 quisquestatu.
1521 477 1685 539 Nihil,
1707 479 1780 529 vel

257 543 382 594 certe
409 561 572 609 parum
601 543 857 593 admodum
881 540 970 592 fine
990 543 1076 594 hae
1098 545 1322 609 Princeps
1347 544 1477 595 domi
1500 582 1510 603 ,
1557 546 1780 610 forisque.
1826 566 1832 603 ς

253 613 387 672 Tria,
427 629 513 677 per
550 612 748 661 eundem
783 611 1087 661 Ponticorum
1110 613 1397 678 Principem,
1439 629 1600 680 parant
1622 615 1788 664 autho·
1828 610 1832 666 f

253 681 461 740 ritatem,
486 681 651 747 forma
681 682 908 744 imperii,
947 684 1160 742 potentia
1197 684 1423 744 imperii,
1463 701 1604 733 mores
1639 686 1780 748 impe·
1828 683 1832 736 ἔ

250 751 420 797 rantis.
490 748 698 797 Primum
724 747 788 795 est
811 746 977 812 forma
1000 751 1190 812 imperii
1213 782 1225 806 ,
1260 764 1397 811 quam
1414 744 1641 806 severam,
1674 769 1785 802 con·
1828 744 1832 806 «ᾖ

248 815 444 866 stantem
465 850 482 879 ‚
516 813 567 865 ἃ
592 815 849 866 adstrictam
875 814 967 864 esse
989 829 1194 883 oportet.
1269 813 1485 864 Severum
1512 851 1524 873 ,
1581 819 1687 867 cum
1718 818 1782 870 sa·

246 884 427 953 pienter
448 884 657 935 advertat
683 883 854 932 Cicero
908 901 996 949 pro
1037 885 1144 933 Mil.
1188 884 1389 933 maxima
1425 884 1648 950 peccandi
1685 888 1783 936 ille·
1829 916 1832 930 =

252 954 422 1012 eebra,
459 951 562 1016 spes
586 953 638 1003 fit
669 952 970 1017 impunitatis.
1061 952 1206 1004 Unde
1243 968 1391 1002 certus
1425 953 1646 1019 Principis
1675 973 1786 1005 con·
1829 977 1832 1007 ι

248 1033 456 1087 temptus
479 1019 699 1087 sequitur.
770 1020 997 1072 severitas
1023 1022 1119 1073 haec
1146 1038 1302 1073 tamen
1322 1020 1382 1071 fic
1413 1019 1704 1085 adhibenda,
1731 1023 1784 1075 ut
1810 1067 1832 1094 Ι,

248 1091 403 1155 quaest.
436 1091 583 1156 priori
617 1090 659 1155 ᾗ,
688 1105 737 1144 2.
762 1087 821 1138 de
841 1090 1013 1153 justitia
1044 1091 1162 1150 dixi,
1196 1088 1370 1141 scilicet
1394 1105 1443 1140 ut
1469 1092 1710 1142 clementia
1736 1092 1784 1143 in
1830 1112 1832 1133 z

246 1168 462 1225 tempore
492 1161 749 1228 mitigetur.
841 1158 896 1208 St·
929 1162 1058 1211 enim
1084 1161 1208 1211 canit
1239 1161 1383 1209 Vates
1415 1178 1427 1211 ε
1485 1162 1655 1226 quoties
1677 1176 1783 1227 pec·
1808 1183 1832 1202 ·=

240 1245 350 1277 cant
380 1229 613 1292 homines,
641 1227 732 1291 fica
745 1229 960 1295 fulmina
992 1234 1159 1279 mittat
1196 1228 1433 1293 Jupiter,
1468 1231 1635 1297 exiguo
1668 1247 1781 1278 tem·
1809 1230 1812 1269 ἐ

239 1312 353 1363 pore
374 1299 566 1348 inermis
590 1301 700 1348 erit.
775 1299 958 1348 Multos
987 1298 1153 1366 fragor
1184 1309 1351 1359 terret,
1387 1314 1565 1364 paucos
1595 1296 1774 1349 fiilmen
1809 1314 1812 1342 ῑ

237 1364 412 1416 sternit.
483 1366 664 1437 Qodfi
686 1381 849 1419 tamen
887 1369 1147 1432 pervicacia
1192 1366 1278 1417 fint
1308 1367 1450 1426 vitia,
1487 1367 1602 1416 illud
1636 1367 1783 1418 Publii

242 1450 423 1484 certum
446 1434 496 1485 fit
514 1456 524 1487 :
543 1434 767 1485 crudelem
795 1438 1016 1486 medicum
1035 1440 1353 1502 intemperans
1372 1455 1490 1506 aeger
1502 1436 1653 1503 facit.
1692 1436 1781 1486 So·
1806 1435 1810 1490 s

239 1503 340 1552 lum
377 1504 496 1554 enim
540 1504 622 1554 hie
652 1505 834 1568 pietatis
871 1523 1022 1572 genus
1055 1506 1121 1555 est
1149 1541 1163 1569 ‚
1202 1504 1294 1555 esse
1335 1506 1592 1555 crudelem.
1688 1504 1785 1556 2dc⁸>
1827 1508 1832 1529 ³

241 1572 547 1624 Constantem
593 1573 684 1624 esse
736 1588 951 1640 oportet,
985 1588 1035 1623 ut
1079 1572 1363 1623 inviolabilia
1407 1572 1588 1638 semper
1638 1573 1783 1639 velit,
1830 1612 1832 1621 .

239 1658 342 1708 quae
373 1640 512 1692 semel
550 1640 782 1708 sapienter
829 1642 1067 1692 constituit
1115 1642 1352 1706 Princeps.
1455 1641 1619 1690 Procul
1664 1658 1780 1711 ergo

237 1725 508 1771 novatores,
547 1711 800 1780 Religionis
828 1709 1100 1775 prasertim,
1121 1709 1173 1759 &
1199 1713 1384 1777 legum,
1420 1710 1497 1776 qui
1517 1708 1613 1758 fere
1632 1714 1776 1760 etiam
1805 1707 1830 1750 -’

238 1779 361 1828 νεέῗα
391 1795 670 1829 commutant
693 1817 705 1840 ‚
743 1778 962 1829 novitatis
1007 1778 1192 1828 adcluffi
1227 1779 1456 1835 libidine,
1503 1794 1557 1825 ut
1597 1777 1783 1844 aliquid
1808 1780 1832 1824 1':

237 1848 296 1896 de
311 1847 396 1911 fico
433 1850 686 1898 videantur
717 1848 936 1912 adftrre,
986 1845 1035 1896 ut
1065 1847 1127 1896 ait
1200 1846 1344 1896 uintil.
1372 1846 1633 1911 Nunquam
1657 1863 1778 1915 ergo
1804 1880 1806 1882 v

239 1915 464 1967 mutanda
487 1933 639 1968 vetera
658 1954 671 1978 ,
711 1916 769 1967 ne
802 1915 994 1981 quidem
1023 1913 1405 1973 consuetudines,
1439 1931 1517 1964 aut
1535 1915 1649 1964 ritus
1665 1931 1779 1981 gen·
1804 1942 1832 1964 ,ψ

230 1984 379 2043 tium,
414 1985 507 2036 nisi
537 2001 616 2036 aut
651 1983 832 2034 summa
864 1983 1101 2034 neceffitas
1121 2023 1133 2047 ,
1171 1997 1247 2033 aut
1288 1981 1468 2033 summa
1498 2021 1509 2044 ‚
1558 1980 1612 2031 &
1654 1996 1774 2036 certa

234 2054 406 2102 utilitas
433 2052 631 2104 suadeat.
712 2053 853 2103 Velut
880 2091 891 2114 ,
927 2052 1035 2101 cum
1059 2053 1132 2102 lex
1167 2053 1330 2111 noxia,
1363 2066 1440 2100 aut
1464 2051 1650 2100 inutilis
1682 2070 1769 2118 per
1798 2112 1801 2114 ¹
1827 2072 1832 2101 ;

229 2135 482 2187 tempora,
522 2121 958 2175 &circumstantias
998 2120 1087 2169 effe
1133 2120 1332 2185 incipit3
1367 2119 1765 2184 quemadmodum
1829 2141 1832 2143 ·

233 2191 428 2256 exponit
453 2191 732 2242 Aristoteles
752 2188 868 2256 ipse.
935 2194 997 2240 Et
1032 2203 1132 2238 tum
1172 2206 1356 2254 quoque
1395 2190 1562 2237 leniter
1593 2188 1768 2254 absque
1804 2190 1805 2198 ’

230 2259 455 2326 strepitu,
491 2260 751 2327 gradatim,
789 2255 842 2306 δι’.
878 2255 1005 2309 lent&
1056 2258 1249 2307 mutatio
1283 2256 1492 2305 facienda
1531 2257 1633 2318 est3
1669 2273 1769 2323 quo

228 2326 329 2378 solo
350 2363 362 2385 ‚
398 2329 559 2379 Dione
605 2329 719 2378 teste
739 2363 751 2387 ,
787 2325 865 2374 fibi
886 2325 1126 2393 Augustus
1155 2323 1612 2390 firmavitimperium
1637 2361 1649 2384 ,
1668 2343 1768 2376 non
1829 2343 1832 2345 ·

231 2397 390 2446 omnia
422 2395 553 2446 simul
579 2392 879 2464 exequendo,
927 2410 1030 2459 quae
1062 2393 1274 2452 volebat3
1313 2393 1359 2442 in
1391 2410 1481 2457 quo
1503 2395 1659 2460 Julius
1692 2411 1767 2442 ve·
1830 2411 1832 2414 ⁴

228 2462 470 2514 hementer
515 2477 798 2532 peccaverat.
887 2463 984 2524 3tib
1014 2462 1248 2524 Adslric'ia
1274 2460 1325 2511 fit
1363 2461 1548 2526 imperii
1586 2461 1763 2520 forma,

227 2547 280 2582 ut
303 2533 534 2599 praecipua
562 2535 654 2595 vis,
697 2531 748 2583 &
775 2531 932 2582 honor
972 2547 1071 2581 non
1103 2530 1251 2581 solum
1287 2532 1310 2579 a
1333 2529 1543 2595 Principe
1561 2564 1573 2587 ,
1614 2527 1692 2577 sed
1712 2547 1768 2578 e-

227 2601 343 2652 tiam
371 2600 420 2649 in
458 2603 722 2667 Principem
751 2599 818 2651 fit.
889 2599 944 2648 A
968 2598 1207 2665 Principe,
1247 2615 1300 2648 ut
1336 2615 1407 2647 res
1446 2599 1663 2647 maximas
1705 2614 1761 2646 o-

223 2685 357 2719 mnes
387 2667 483 2734 ipse
512 2684 587 2719 aut
605 2684 736 2736 agat,
772 2683 850 2719 aut
872 2667 1078 2718 lustratas
1114 2665 1387 2718 confirmet:
1423 2679 1474 2714 ut
1503 2661 1759 2716 innotescat

219 2735 447 2789 omnibus
470 2771 482 2793 ‚
514 2737 573 2788 ab
600 2755 658 2788 eo
689 2737 848 2788 omnia
886 2736 1116 2802 expectari
1161 2750 1380 2801 tanquam
1429 2731 1599 2784 arbitro
1623 2768 1635 2792 ,
1681 2751 1756 2795 re,

223 2821 279 2861 ac
308 2804 505 2860 nomine
526 2806 692 2877 Regio.
738 2805 829 2861 Sed
857 2803 908 2858 δι
928 2805 1052 2876 apud
1073 2803 1332 2873 Principem
1355 2800 1515 2856 honor
1547 2815 1753 2879 maneat,

1536 2887 1688 2924 nemi·
