1832 3151
586 68 1156 155 ffiC0>5333÷2
1482 91 1553 151 55

93 172 174 240 qui
204 174 403 225 amicum
428 172 523 224 sola
548 175 671 224 illius
696 179 826 224 causa
852 175 902 225 ὃ(
921 179 1107 243 quidem
1139 178 1328 229 honest&
1345 192 1516 230 ament.
1554 181 1635 228 Tu

93 259 205 309 ergo
243 242 331 292 five
353 243 544 292 secunda
569 277 581 301 ‚
615 243 701 294 five
739 243 930 294 adversa
959 246 1095 296 utaris
1124 244 1306 298 fortun&
1323 286 1335 309 ,
1371 265 1475 298 cum
1495 246 1628 297 Arist.

92 310 185 368 l.9.
212 311 319 359 Eth.
353 329 391 360 c.
429 326 503 362 10.
541 310 733 360 civiliter
761 328 922 360 omues
951 317 1069 364 cole.
1142 314 1233 364 Sed
1264 333 1370 366 cum
1402 316 1630 365 Thianaeo

91 378 249 442 paucis
282 391 326 425 te
352 377 503 429 crede.
576 378 742 444 Neque
771 379 850 428 uni
875 379 1041 431 horum
1060 417 1072 441 ,
1106 382 1197 432 nisi
1235 401 1346 433 cum
1378 400 1470 448 quo
1510 383 1630 432 mul·

90 457 165 493 tos
191 443 292 494 salis
319 445 509 497 modios
531 446 768 512 sumpseris
786 481 799 505 ‚
823 447 871 496 id
909 449 1003 508 est,
1038 452 1187 518 longo
1217 464 1429 516 tempore
1456 451 1627 516 proba·

87 512 221 561 veris.
290 513 461 564 Omnia
488 514 614 564 enim
643 531 750 564 cum
778 515 928 567 amico
959 517 1251 568 deliberanda
1270 553 1282 577 ,
1326 517 1404 567 sed
1437 519 1496 568 de
1523 517 1627 584 ipso

85 579 306 643 primum.
376 583 552 634 Invitus
584 597 739 634 autem
762 600 903 635 nemo
930 586 979 637 in
1009 585 1211 638 amicum
1242 585 1529 638 assumendus
1562 585 1629 635 est

83 660 299 713 unquam.

175 787 847 873 QUAESTIO
939 789 1523 864 ETHICA.

93 874 228 947 Utra
258 884 514 951 amicitia
546 883 771 962 melior,
797 898 1106 969 paucorum
1120 930 1142 963 ,
1172 906 1248 948 an
1281 886 1627 954 multorum?

613 1042 1111 1104 PAucoRuM.

180 1124 339 1176 Ociale
363 1125 532 1175 animal
564 1125 860 1193 philosophis
888 1127 1032 1178 homo
1054 1128 1134 1177 est.
1203 1128 1356 1187 Feris,
1381 1130 1518 1195 quem
1536 1129 1622 1183 hu·

211 1211 345 1243 mano
375 1195 517 1260 genio
545 1194 737 1263 dignior
768 1197 843 1246 lex
861 1195 1005 1264 Pytha
1043 1197 1164 1246 oriea
1195 1194 1469 1262 septennalis
1491 1199 1620 1250 silen-

209 1262 275 1311 tii.
342 1262 539 1312 Amicos
575 1263 852 1329 natura.in
875 1264 998 1331 depo
1023 1264 1098 1314 cit.
1164 1262 1220 1313 Id
1246 1279 1400 1314 tamen
1428 1267 1623 1316 Hesiodi

69 1328 256 1386 arbitrio
283 1327 660 1395 sapientiffimum
692 1330 838 1382 habe:
864 1349 949 1381 nec
980 1332 1163 1387 multi8‚
1197 1329 1270 1380 sed
1294 1349 1382 1382 uec
1413 1336 1524 1383 nulli
1554 1335 1622 1383 di-

68 1403 188 1454 caris
217 1397 408 1447 amicus.
476 1398 671 1458 Medio,
712 1402 762 1449 ut
789 1399 999 1465 semper,
1038 1399 1280 1450 tutiffimus
1308 1399 1414 1450 ibis.
1486 1404 1623 1452 Levi-

68 1483 161 1521 tate
189 1483 283 1515 non
310 1477 460 1525 caret,
485 1467 564 1531 qui
599 1464 746 1517 fidens
763 1469 1010 1527 omnibus3
1036 1467 1256 1533 quantum
1288 1466 1414 1527 fidit,
1438 1469 1621 1519 tantum

68 1534 313 1600 decipitur.
410 1534 502 1584 Sed
528 1532 580 1583 &
623 1533 881 1585 Catoniana
921 1538 1082 1602 procul
1122 1535 1215 1584 esto
1254 1533 1491 1595 severitas,
1520 1555 1620 1599 quae

69 1606 176 1673 quia
205 1600 354 1671 rigida
382 1601 626 1662 omnibus,
657 1621 828 1654 amaena
855 1605 1000 1664 nulli,
1023 1601 1163 1654 invisa
1200 1602 1313 1652 orbi.
1407 1606 1621 1670 Uterque

69 1687 202 1724 errat.
274 1672 348 1719 Tu
372 1668 430 1719 fic
460 1671 669 1721 amicitiae
689 1674 790 1721 cole
822 1671 1010 1734 faedera,
1040 1685 1090 1720 ut
1119 1671 1275 1737 gratiis
1299 1671 1496 1722 reddens
1514 1690 1621 1739 gra-

70 1742 153 1792 tias
181 1739 335 1807 paucis
363 1737 567 1801 praestes,
599 1739 722 1806 quod
754 1741 940 1804 cupiant
965 1741 1114 1788 multi.
1200 1739 1291 1788 Vix
1323 1740 1482 1804 paucis
1510 1757 1618 1790 ean·

67 1809 152 1860 dor
177 1824 282 1859 tuus
309 1804 550 1861 fiatisdabit.
624 1810 834 1873 Tempus
867 1823 1029 1864 omne,
1069 1818 1286 1863 conatus,
1323 1807 1372 1856 ὅ(
1400 1806 1545 1857 studia
1580 1806 1615 1857 si

69 1878 228 1927 amieis
255 1873 490 1926 consecres
510 1910 522 1934 ,
540 1889 716 1925 tantum
746 1874 877 1943 egisti
894 1909 906 1932 ‚
936 1873 1062 1940 quod
1086 1872 1281 1940 plurima
1310 1875 1457 1924 amori
1474 1892 1615 1942 agen·

69 1943 128 1994 da
161 1943 415 2006 reliqueris.
485 1943 616 1992 Fausta
651 1959 856 1991 amorem
894 1941 1124 2008 probant3
1151 1942 1275 2006 quis,
1307 1941 1339 1990 fi
1378 1944 1532 1992 multis
1565 1942 1613 1992 se

69 2014 312 2077 partiatur,
338 2008 440 2057 satis
470 2010 684 2058 omuibus
711 2010 865 2059 unus?
902 2012 1159 2059 Multorum
1196 2010 1368 2059 amicus
1392 2010 1556 2060 diceris
1586 2011 1609 2058 ?

68 2080 124 2129 eo
160 2077 259 2144 ipso
294 2075 475 2126 debitor
496 2093 560 2126 es.
633 2076 771 2126 Nulla
799 2076 883 2125 tibi
915 2075 1026 2127 hora
1056 2090 1181 2134 tuta,
1214 2080 1317 2143 quia
1348 2092 1396 2127 tu
1434 2076 1519 2127 tibi
1545 2078 1609 2128 fe-

67 2148 115 2195 re
152 2165 198 2195 es
224 2146 399 2206 nullus,
435 2143 650 2194 omnibus
683 2161 857 2210 nempe
885 2144 1092 2205 dandus,
1121 2160 1291 2207 quanto
1316 2163 1521 2196 curarum
1542 2146 1613 2194 di·

67 2213 256 2280 spendio
285 2211 307 2259 Ρ
353 2230 484 2270 cura,
518 2213 608 2271 ne,
637 2212 714 2278 qui
752 2212 1082 2263 neceffitudine
1108 2212 1339 2271 abundas,
1374 2213 1468 2262 hoe
1506 2211 1607 2277 ipso

66 2281 292 2346 premaris
314 2281 582 2331 necestitate.
649 2279 799 2330 Alieni
826 2279 1007 2330 favores
1043 2281 1327 2330 redimuntur
1362 2279 1604 2346 obsequiis.

68 2351 196 2416 Saepe
231 2350 346 2396 inter
380 2349 548 2398 multos
578 2361 770 2407 uentu,
798 2345 872 2397 sed
899 2362 972 2398 tua
997 2362 1251 2413 quaeruntm·
1284 2347 1449 2397 officia.
1520 2350 1606 2397 Ra·

67 2435 144 2467 rus
165 2452 176 2474 2
217 2415 291 2481 qui
327 2428 472 2465 careat
506 2415 613 2466 fuco
640 2455 652 2480 ,
698 2417 770 2466 cui
808 2415 955 2467 inhiet
985 2414 1141 2467 fatens.
1215 2415 1383 2465 Tutius
1412 2432 1526 2483 ergo
1558 2414 1603 2464 id

65 2483 381 2551 hospitalitatis
411 2482 624 2533 observa:
655 2482 833 2548 hospite
871 2483 931 2531 ne
962 2497 1139 2542 careas,
1171 2481 1335 2547 hospes
1362 2481 1421 2531 112¹:
1463 2483 1604 2548 pluri-

63 2552 151 2602 bus
181 2553 292 2602 esto.
364 2549 661 2601 Abundantia
693 2550 784 2618 ipsa
808 2551 1024 2601 vilitatem
1043 2587 1054 2609 ‚
1090 2551 1139 2600 sit
1173 2569 1321 2600 rerum
1346 2586 1356 2607 ,
1386 2549 1445 2599 {ie
1477 2569 1604 2599 amora

65 2639 161 2669 rum
185 2619 305 2685 saepe
336 2616 544 2669 caufavit.
616 2617 902 2669 Nauseantur
934 2621 1054 2682 joci,
1086 2619 1279 2685 gaudia,
1309 2618 1418 2668 dum
1441 2620 1600 2683 cepio-

68 2687 143 2747 (ει,
179 2688 340 2752 quidni
379 2685 432 2736 &
465 2704 647 2738 amores
679 2685 840 2735 divisi?
881 2687 930 2736 ut
963 2688 1114 2742 rivus,
1149 2686 1208 2734 fic
1262 2703 1389 2735 amor
1434 2684 1598 2735 divisi-is

68 2757 242 2807 minore
267 2757 405 2806 currit
439 2756 565 2807 alveo
587 2791 599 2815 ‚
631 2770 762 2822 atque
791 2754 906 2804 adeo
940 2754 1236 2819 jucunditate.
1307 2753 1596 2802 condimen·

749 2826 797 2873 D
836 2842 866 2885 4
1429 2836 1529 2871 tum
