1832 3151
343 99 427 158 60
745 83 1321 173 ffiwwffl

356 198 473 247 Non
514 193 714 245 diffiteor
743 191 849 246 {ane
880 233 892 257 ‚
946 211 1056 245 cum
1092 200 1274 249 Hor-nio
1311 232 1323 255 ‚
1366 192 1417 245 &
1461 195 1558 247 aliis
1586 194 1746 260 paucis
1769 233 1783 259 ‚
1827 196 1832 207 ³

259 264 560 319 Aristotelem
587 262 757 328 ipsum,
795 278 869 314 aut
901 263 1237 331 Aristocratiae‚
1276 278 1357 316 aut
1391 263 1541 331 plebis
1579 262 1780 330 imperio
1830 281 1832 302 ³

257 334 412 385 favere
435 351 448 391 3
473 331 633 381 verum
655 331 685 381 fi
705 333 898 382 rationis
920 349 1159 385 momenta
1185 335 1241 385 ab
1269 337 1322 385 iis
1345 333 1448 399 ipfis
1476 351 1563 399 pro
1592 337 1783 384 Monar-
1829 354 1832 398 j

260 403 363 453 chia
408 402 539 452 allata
565 399 852 451 confiderem
883 440 896 464 ,
922 403 1079 453 Patriae
1115 402 1256 454 solius
1278 402 1440 453 affessu
1476 402 1538 452 {ic
1566 399 1784 468 scripsisse
1828 402 1832 426 '¹

262 487 428 521 omnes
453 469 746 519 eertissimum
774 471 851 518 est.
889 469 1159 521 Aristoteles
1189 471 1270 522 sub
1302 471 1598 536 Optimatum
1632 471 1780 535 impe·

255 541 328 592 rio
357 575 368 599 ,
402 538 610 589 Hor-nius
638 536 720 587 sub
752 537 1016 588 Hollandiae
1047 538 1243 590 Statibus
1268 539 1473 606 degens,
1511 538 1651 590 ambo
1677 536 1785 588 filo-

257 627 360 660 rum
397 609 586 659 clientes
609 605 696 656 fuis
718 606 942 657 faverunt.
1005 610 1062 656 In
1092 607 1597 674 Aristocratianfimque
1630 606 1783 657 multi·

243 678 427 744 plicato
460 676 752 740 Optimatum
794 692 987 725 numero
1015 710 1027 734 ,
1060 687 1131 725 tot
1172 674 1342 726 subeffe
1370 675 1571 744 Regibus
1595 675 1780 745 cogitur
1826 671 1827 675 ¹

253 747 489 813 populus,
519 760 638 809 quot
666 741 769 793 sunt
800 741 1009 793 membra
1040 742 1243 794 senatus:
1267 761 1364 808 quae
1391 779 1404 804 ‚
1437 743 1543 808 quia
1578 744 1776 809 potesta·

252 832 297 865 te
333 814 458 880 paria
497 811 596 861 fiint
619 848 630 870 ‚
663 814 799 876 quam
830 810 965 862 facile
990 813 1037 861 in
1069 810 1376 863 transversum
1402 813 1495 862 afla
1522 850 1534 874 ‚
1560 825 1634 861 aut
1673 809 1781 862 suos

254 899 408 932 amore
435 917 448 940 ,
479 894 553 931 aut
578 880 750 931 invidia
777 895 910 946 pares
953 878 1290 947 prosequuntur
1318 881 1341 929 Ρ
1378 879 1562 937 familiis
1586 877 1675 930 suis
1712 879 1781 929 di·

254 953 456 1019 gnitates
487 985 498 1007 ‚
527 966 668 1014 opeS,
702 946 753 998 &
783 949 1035 1000 commoda
1058 951 1196 1017 pleno
1223 951 1352 1000 alveo
1375 947 1630 1011 invehunt,
1670 965 1781 998 one-

251 1039 299 1070 ra
322 1021 371 1068 in
402 1018 508 1068 suos
534 1018 721 1067 clientes
748 1017 998 1068 derivando
1037 1034 1053 1077 3
1088 1019 1213 1069 unde
1242 1018 1396 1067 virtuti
1422 1016 1632 1067 stimulus
1661 1033 1780 1081 prae-
1806 1050 1812 1063 ,

251 1088 419 1137 ciditur
444 1123 456 1146 ,
498 1084 549 1134 ἃ
578 1084 607 1134 fi
638 1085 747 1136 labe
781 1087 935 1152 aliqua
962 1101 1321 1153 corrumpantur
1351 1086 1644 1151 optimatum
1677 1101 1780 1134 mo·
1806 1140 1811 1147 Ι

253 1174 353 1220 res,
387 1157 489 1221 quis
516 1172 592 1204 eos
632 1154 864 1206 reducet?
901 1156 991 1206 nisi
1022 1156 1138 1205 dum
1158 1153 1518 1219 Rempublicam
1551 1150 1637 1204 suo
1678 1155 1777 1205 calu

250 1226 299 1274 in
320 1225 556 1274 interitum
576 1224 914 1290 praecipitarint.

350 1296 402 1342 In
427 1293 725 1344 Democratia
750 1291 895 1359 porro
916 1330 928 1354 ‚
960 1292 1041 1341 ubi
1076 1293 1279 1358 populus
1307 1291 1527 1357 imperat,
1553 1291 1689 1356 quam
1706 1289 1777 1340 sae·
1806 1299 1810 1307 '

247 1379 307 1428 pe
331 1359 475 1411 fasces
494 1360 719 1425 imperitis
752 1360 1021 1422 obveniunt,
1062 1361 1227 1426 quibus
1261 1374 1354 1410 tarn
1376 1358 1615 1410 necessaria
1637 1357 1777 1412 rebus
1801 1403 1806 1412 .

248 1429 468 1499 gerendis
499 1428 747 1494 prudentia
773 1468 784 1490 ‚
818 1431 957 1494 quam
995 1429 1234 1479 consilium
1258 1428 1307 1477 in
1340 1423 1431 1477 sola
1465 1428 1528 1477 est
1566 1427 1778 1478 utilitate.
1801 1446 1807 1459 ²

250 1499 455 1564 Populus
477 1534 488 1555 ,
521 1495 573 1545 ἃ
602 1498 802 1562 procella
834 1496 1049 1555 invidiae,
1084 1498 1236 1546 metus
1257 1531 1269 1555 ,
1300 1494 1354 1544 &
1383 1494 1634 1546 faaionum
1666 1512 1779 1546 ven·
1801 1520 1807 1546 ι

247 1568 306 1620 tis
336 1566 490 1628 jafrari
520 1564 635 1615 solet
657 1600 669 1623 ,
703 1564 753 1614 ἃ
774 1565 906 1614 froeni
935 1565 1176 1630 impotens
1206 1563 1354 1629 abripi
1380 1563 1675 1613 vehementia
1696 1577 1779 1614 cae·
1802 1620 1806 1628 ¹

247 1636 290 1685 ci
325 1634 543 1700 impetus.
613 1636 674 1682 Et
700 1633 804 1697 quia
834 1632 1052 1698 sapienti&
1073 1631 1169 1683 fere
1197 1632 1457 1682 destituitur
1478 1631 1637 1698 plebs,
1663 1631 1774 1682 cum
1803 1639 1806 1645 '

245 1702 423 1753 honore
439 1738 451 1758 ‚
480 1700 778 1752 aestimatione
803 1741 815 1762 ‚
851 1700 902 1749 &
921 1700 1109 1766 praemio
1133 1701 1319 1769 ingenia
1336 1699 1386 1749 δί
1406 1701 1547 1751 virtus
1571 1713 1776 1762 careant,

247 1774 402 1835 jacent
432 1770 613 1821 virtutis
643 1769 814 1828 studia3
840 1782 1005 1835 regnat
1039 1770 1222 1818 interim
1256 1768 1457 1819 adulatio
1484 1804 1496 1828 ,
1527 1782 1606 1818 aut
1636 1770 1775 1818 virtu·
1801 1780 1805 1828 j

246 1842 301 1890 tis
329 1839 527 1905 species,
555 1839 668 1887 dum
693 1837 964 1902 eloquentiae
987 1836 1094 1887 fuco
1123 1838 1180 1888 ad
1210 1838 1352 1904 ipsam
1385 1838 1523 1887 ctiam
1555 1838 1799 1886 virtutem

246 1924 399 1957 morte
433 1906 717 1956 multandam
738 1905 987 1972 impellitur
1014 1908 1215 1970 populus
1232 1944 1244 1967 ,
1271 1903 1321 1954 &
1353 1906 1688 1955 malevolorum
1707 1923 1772 1954 ar·
1796 1929 1799 1944 ÷

246 1990 317 2026 tes
359 1975 647 2041 triumphant
690 1972 826 2039 super
866 1973 1103 2023 levitatem
1149 1973 1403 2035 ejusdem:
1448 1986 1499 2022 ut
1529 1972 1795 2038 quondam*

243 2041 520 2094 Ostraeifmo
553 2045 845 2105 Graecorum,
882 2040 1083 2091 insontes
1102 2082 1115 2105 ‚
1151 2041 1202 2092 ἃ
1221 2041 1377 2092 Patriae
1398 2045 1549 2091 Patres
1582 2040 1801 2091 damna-1

244 2113 295 2162 ti.
333 2111 520 2160 Verbo:
556 2111 677 2160 nulla
701 2110 932 2176 compede
970 2110 1146 2161 duriori
1172 2109 1766 2178 premiturlibertas‚quam
1794 2145 1807 2165 ,ι

240 2181 320 2231 ubi
348 2178 406 2229 {ic
437 2178 723 2246 triumphare
755 2179 952 2228 videtur.
1804 2221 1806 2231 ;

341 2248 511 2297 Nolim
534 2262 686 2297 tamen
716 2247 981 2308 existimes,
1031 2264 1111 2297 me
1147 2247 1230 2298 hic
1268 2244 1600 2297 Monarchiam
1639 2243 1768 2294 illam
1803 2287 1806 2302 ,

241 2334 493 2386 defendere
526 2374 537 2396 ‚
574 2349 675 2401 quae
707 2332 863 2382 multis
891 2329 1096 2381 adstrista
1142 2330 1321 2400 legibus
1364 2315 1766 2382 πανποισιλεῖοι

230 2410 419 2460 Graeeis
450 2409 621 2458 ‘dicitur
656 2447 669 2470 ‚
704 2407 816 2457 dum
849 2405 1060 2455 omnium
1104 2405 1335 2459 absolutus
1376 2410 1607 2460 Dominus
1636 2408 1764 2457 Prin·

242 2495 350 2542 ceps
375 2476 666 2542 despotieum
688 2477 762 2536 jus
801 2474 981 2541 populo
1016 2474 1168 2525 dietat.
1242 2475 1524 2540 Cuiusmodi
1547 2477 1611 2525 est
1642 2478 1761 2524 Tur·
1801 2484 1826 2517 Ἀ

237 2546 305 2595 cis
329 2546 606 2610 imperium,
630 2561 830 2610 quorum
862 2545 1113 2609 Princeps,
1138 2543 1428 2595 fortunarum
1460 2580 1471 2603 ,
1509 2545 1641 2600 vitae,
1685 2559 1759 2593 au·
1822 2563 1832 2590 ,τ

234 2629 388 2678 raeque
417 2613 555 2678 ipsius
580 2612 639 2663 fic
659 2614 887 2663 Dominus
915 2610 978 2661 est
995 2648 1007 2671 ,
1037 2628 1088 2662 ut
1109 2629 1269 2663 omnes
1295 2613 1523 2677 mancipia
1550 2610 1759 2673 ejusdem
1799 2619 1801 2645 s
1823 2631 1829 2657 ·.

233 2679 328 2732 sese
357 2680 469 2732 dum
498 2680 801 2749 profitentur,
831 2680 887 2731 ab
917 2681 1017 2743 ejus
1041 2695 1152 2732 nutu
1178 2680 1399 2747 penduli,
1428 2697 1660 2745 nunquam
1693 2676 1761 2729 sui
1798 2677 1828 2725 ‘t

236 2748 411 2809 securi,
456 2752 613 2801 omnia
650 2751 751 2803 haec
774 2748 888 2803 eise
924 2750 973 2800 in
998 2752 1198 2814 acceptis
1223 2744 1390 2799 referre
1424 2750 1567 2813 ajunt.
1634 2752 1760 2814 Apa·
1820 2792 1825 2794 .

1634 2833 1695 2883 ge
1796 2826 1797 2838 ¹
