1832 3151
556 113 1140 205 {QUUQQ
1451 140 1533 204 27

80 224 324 293 pondere,
351 239 403 276 ac
432 223 480 274 in
514 221 735 290 fastigiis3
769 221 891 288 quali
913 222 1021 274 vero
1048 239 1144 272 non
1172 222 1265 287 jam
1296 221 1424 278 tiaris
1450 245 1503 277 ac
1530 226 1626 277 sce-

83 296 230 362 ptris3
260 293 335 344 sed
366 293 418 342 <Sc
448 292 712 343 mortalium
739 292 908 357 cuique
938 291 1133 341 Fenellae
1173 308 1369 357 pomum
1398 296 1446 345 in
1485 295 1626 362 patri-

83 364 300 413 monium
328 361 493 412 cedere
521 360 794 427 oportuerit.
870 361 972 410 Sint
999 356 1184 409 adversa
1222 360 1456 412 nobilitati
1498 365 1624 428 juxt&

82 445 219 496 atque
249 428 456 480 mirificis
484 430 750 480 communia
766 469 778 493 ‚
805 444 906 479 non
929 429 1197 479 communis
1222 441 1378 481 tamen
1405 432 1624 484 omnibus

80 501 270 551 animus.
344 497 547 548 certiori
577 496 723 566 longe
753 497 849 547 telo
880 497 1119 563 impetitur
1150 495 1404 564 ignobilis,
1451 516 1501 550 ut
1529 519 1627 552 cer-

82 568 176 616 tior
200 569 248 617 in
271 567 506 617 victimam
535 566 800 617 destinatur.
889 569 1025 616 Anne
1055 578 1209 615 tamen
1249 566 1323 616 vel
1364 568 1423 618 eb
1453 571 1626 621 certior

82 635 293 692 ejusdem
332 634 499 683 casus?
534 637 637 682 Im&
670 636 778 685 vero
803 633 978 684 fortior
1008 651 1116 683 cum
1145 638 1306 686 Antaeo
1343 636 1583 699 consurgit
1611 675 1626 700 ,

73 698 185 763 quia
215 699 355 748 Matri
376 697 590 748 vicinior.
663 695 863 765 Magnas
887 694 1074 746 trahunt
1091 696 1246 745 ruinas
1275 695 1483 767 ingentia
1508 718 1628 765 pon·

74 765 216 816 dera:
251 766 384 833 quod
406 766 537 817 humi
569 778 755 824 natum,
782 761 940 815 casum
982 781 1078 815 non
1114 764 1282 813 metuit
1312 784 1323 822 3
1369 764 1423 816 &
1462 769 1533 819 vel
1567 770 1626 820 εὸ

73 832 273 899 fortius,
300 835 428 902 quod
457 834 612 885 debita
646 833 913 884 conditioni
942 833 1028 884 suae
1049 831 1235 884 censeat
1262 835 1451 888 vulnera
1472 876 1485 900 ‚
1524 839 1627 904 qui·

73 901 163 955 bus
198 901 295 956 sors
321 904 602 964 bacchatur,
627 900 842 963 insultat,
869 900 1144 968 triumphat.
1216 902 1395 956 Rudior
1430 907 1497 957 est
1519 924 1630 959 con·

74 971 167 1024 cha
205 974 412 1033 unione,
454 990 594 1040 quem
625 971 725 1022 {inu
759 971 1002 1023 concludit
1029 1007 1043 1032 ‚
1103 984 1235 1021 aceto
1262 971 1362 1038 ipso
1389 974 1588 1045 rigidior
1615 1017 1630 1041 ,

72 1044 184 1108 quia
210 1043 560 1111 tempestatibus
587 1040 808 1090 adolevit.
880 1039 980 1101 Sic,
1009 1053 1058 1090 ut
1082 1039 1304 1108 ignobilis
1333 1043 1384 1093 fit
1411 1043 1630 1097 nascendi

73 1112 322 1172 conditi0‚
344 1110 644 1162 nobilitatem
667 1125 799 1160 mens
828 1106 1038 1176 superat,
1078 1109 1187 1174 quia
1218 1108 1346 1160 duris
1372 1113 1590 1165 innutrita
1613 1133 1628 1176 ς

50 1223 52 1226 ,
73 1197 136 1232 eo
162 1180 245 1231 fibi
270 1179 498 1248 plaudens
516 1215 531 1240 ,
559 1176 585 1227 ὲ
611 1191 771 1229 mente
793 1177 994 1229 Romani
1028 1178 1231 1248 pugilis:
1259 1181 1480 1247 SerpenS,
1501 1182 1600 1233 fitis
1616 1223 1628 1247 ,

74 1250 241 1311 ardor,
273 1265 442 1312 arenae,
473 1247 626 1298 dulcia
650 1247 836 1313 virtuti:
864 1245 1043 1315 gaudet
1067 1246 1289 1311 patientia
1311 1250 1455 1301 duris.
1517 1255 1630 1321 Qae

71 1318 263 1371 nobiles
298 1320 420 1369 vires
446 1331 693 1383 proterunt
725 1316 937 1383 pondera
954 1354 966 1378 ,
997 1316 1227 1367 delectant
1249 1317 1507 1380 Milonem,
1523 1321 1629 1388 quia

70 1386 226 1456 gloria
251 1387 316 1439 est
346 1386 668 1449 Crotoniatae,
700 1402 802 1436 non
833 1386 926 1437 nisi
957 1383 1111 1434 arduis
1140 1384 1407 1438 adolevisse.
1477 1393 1631 1442 Venc.

68 1475 188 1509 num
223 1455 375 1524 ipsum
396 1456 448 1507 in
473 1456 690 1506 alimenta
720 1468 892 1506 naturae
921 1452 1125 1505 transivit
1152 1455 1452 1516 Mithridati,
1496 1457 1549 1509 ὃς
1585 1478 1631 1510 a.

71 1526 174 1587 liis,
211 1528 316 1592 quia
339 1527 496 1592 primo
527 1541 640 1576 cum
668 1523 784 1574 laete
818 1521 1011 1574 affitetis.
1084 1524 1213 1591 Quid
1244 1524 1388 1592 igitur
1416 1525 1631 1581 insolenti

67 1591 268 1646 fortunae
296 1593 413 1645 ludo
447 1593 656 1645 titubet?
692 1594 773 1660 qui
791 1628 804 1653 ,
843 1591 959 1660 quid
989 1592 1204 1656 ejusdem
1232 1593 1316 1644 sint
1356 1595 1590 1647 blanditiae
1614 1632 1633 1660 ,

71 1663 199 1714 felici
231 1662 368 1715 sortis
405 1661 679 1715 infelicitate
723 1662 926 1730 ignorat.
1018 1661 1348 1713 Inter-cluditur
1384 1662 1632 1730 respitium

70 1733 209 1784 nimis
239 1733 325 1781 alta
354 1730 623 1796 petentibus
642 1764 658 1792 ‚
685 1732 777 1779 ae'ri
805 1746 976 1794 nempe
1007 1727 1204 1795 spissiori
1233 1744 1394 1778 natura
1422 1733 1625 1784 assvevit.

68 1801 201 1852 Dum
237 1797 374 1865 piscis
408 1798 750 1852 recentioribus
788 1797 1040 1848 innutritus
1066 1796 1306 1856 fontibus,
1331 1798 1453 1864 perit
1472 1800 1520 1850 in
1542 1800 1630 1852 sta.

109 1868 154 1917 ni
194 1868 385 1938 uligine.
468 1868 552 1919 Sic
596 1866 775 1918 deliciis
821 1864 987 1916 affueta
1018 1882 1151 1914 mens
1187 1864 1359 1916 nobilis
1387 1868 1631 1922 acerbitati

68 1885 203 1990 gii-tis
232 1936 521 1999 succumbit,
555 1934 633 1985 cui
675 1946 894 1998 tanquam
928 1929 1012 1981 fibi
1043 1944 1308 2000 temperato
1336 1935 1431 1989 aeri
1464 1939 1629 1997 alacris

68 2004 270 2063 adhaeret
295 2005 557 2077 ignobilis,
589 2002 687 2053 imo
715 2004 853 2053 etiam
885 1999 1145 2054 deliciatur.

840 2198 870 2232 ό

485 2340 623 2442 *33*
692 2281 1015 2451 Ql‘ffiisstz
1046 2324 1252 2518 ἢ

808 2589 869 2609 κ”ᾼτ
888 2588 900 2607 7

616 2658 636 2666 l
796 2661 827 2665 ‚-

1277 2874 1521 2972 Qm.
