1832 3151
355 90 466 165 188
777 93 916 180 {Q
963 101 993 176 (
1038 114 1080 159 0
1122 98 1157 177 >
1209 94 1347 182 ἕθὲ

260 201 410 265 potest
448 199 576 249 furor
607 198 782 264 plebis,
815 203 919 267 quia
961 202 1112 252 indice
1142 203 1343 251 tumultu
1387 198 1635 265 proditns3
1683 217 1778 253 non
1830 223 1832 225 ¹

262 269 371 317 item
392 269 643 333 Principis,
679 269 760 336 qui
784 269 894 320 dum
919 272 1037 335 jacet
1060 271 1252 322 obrutus
1279 271 1498 333 aemulus,
1561 284 1659 320 tum
1685 271 1779 336 pri-

264 354 395 386 mum
429 352 624 388 notatur.

868 444 1196 508 PLEB1&

371 538 452 586 Ria
482 536 610 597 sunt,
645 556 744 600 quae
785 538 993 591 fur-'orem
1041 559 1232 593 omnem
1269 554 1507 606 potentem
1542 539 1777 601 reddunt,

404 622 541 672 atque
571 606 686 656 adeo
718 609 1035 660 metuendum.
1105 611 1321 662 Craecitas
1347 646 1359 669 ,
1409 612 1638 676 impetus,
1691 612 1772 660 vis.

261 674 446 724 Caecam
469 676 658 739 pinxere
678 679 888 727 nonnulli
911 681 1090 728 Furiam
1131 684 1245 740 una,
1292 693 1423 743 parte
1449 681 1583 728 altera
1619 681 1792 729 ocula--

257 754 382 801 tam3
419 745 554 805 quam
578 742 749 794 scilicet
782 746 830 795 in
867 746 1028 797 damna
1054 747 1200 800 aliena
1229 748 1452 815 vigilem,
1489 762 1581 796 tam
1606 763 1775 797 caecam

253 812 383 860 nullo
405 810 665 862 discrimine
695 815 766 863 vel
788 813 1085 879 personarum
1110 849 1121 873 ,
1158 818 1229 866 vel
1266 816 1547 867 damnorum
1566 813 1779 872 admiffo.'

255 881 341 928 Pro
373 882 541 929 mentis
562 894 715 930 tamen
737 879 933 933 furentis
955 884 1116 933 indole
1141 898 1363 934 excaecata
1399 883 1547 951 magis
1581 883 1644 932 est
1669 900 1774 947 una,

252 948 392 1011 quam
421 950 590 1007 altera3
626 949 844 1015 quodque
876 952 1083 1003 acerbius
1103 989 1115 1013 ‚
1144 952 1202 1004 eo
1220 952 1372 1002 minus
1399 953 1545 1010 flecti,
1578 950 1670 1016 qno
1687 953 1774 1000 mi·

250 1015 339 1065 nus
357 1016 547 1066 rationis
575 1016 851 1085 vestigandae
867 1036 1010 1087 capax
1029 1056 1041 1080 ,
1075 1038 1175 1086 quae
1203 1022 1518 1072 innocentiam
1538 1015 1726 1069 suadeat
1752 1037 1768 1079 ;

249 1100 486 1146 errorem,
535 1084 566 1134 fi
602 1085 704 1150 quis
743 1087 904 1151 datus,
939 1088 1134 1139 excuset.
1226 1092 1341 1140 Haec
1385 1088 1536 1157 plebis
1577 1086 1774 1138 furentis
1831 1128 1832 1135 ,

250 1151 316 1201 est
348 1151 549 1203 indoles.
618 1152 788 1205 Ardeat
809 1158 1100 1223 quantumvis
1133 1157 1381 1223 Princeps,
1416 1156 1575 1206 mitius
1601 1154 1772 1214 aestuat‚
1821 1172 1823 1178 ·

248 1220 354 1283 quia
392 1233 546 1270 mente
575 1223 740 1284 majori
771 1223 915 1275 fertur
940 1228 1103 1275 oculus
1133 1262 1145 1285 ‚
1191 1227 1369 1277 tametfi
1409 1226 1651 1293 glaucoma
1695 1225 1773 1274 ali·
1822 1251 1832 1264 w

246 1285 372 1351 quod
399 1288 461 1340 ira
490 1287 708 1340 offiindat.
775 1292 1030 1360 Nunquam
1064 1294 1215 1360 plebis
1252 1309 1399 1361 aequat
1432 1292 1651 1343 ferociam
1681 1302 1772 1349 no·.'
1822 1303 1832 1334 '⁴

250 1352 393 1405 bilior
436 1358 628 1407 animus.
714 1360 763 1409 Si
806 1363 954 1412 nativa
1001 1377 1205 1412 meretur
1246 1364 1495 1414 caecitatem
1539 1359 1768 1421 indoles,

248 1440 485 1475 morantur
510 1426 749 1489 Major-um
781 1431 984 1496 vestigia.
1063 1430 1210 1481 Pudet
1237 1432 1571 1482 communione
1598 1427 1769 1479 furoris
1819 1451 1832 1479 ,2

249 1494 571 1559 magnanimos
608 1494 890 1558 profundere
923 1496 1118 1563 spiritus.
1188 1503 1317 1549 Dum
1363 1495 1589 1567 generosa
1634 1515 1767 1549 mens

244 1561 364 1610 nulla
392 1562 735 1631 magisgaudet
759 1566 970 1625 victoria,
1009 1567 1145 1632 quarn
1168 1565 1235 1615 sui
1276 1566 1433 1631 ipsius.
1522 1568 1577 1615 In
1619 1580 1768 1615 extre·

246 1645 320 1677 ma
369 1647 465 1679 non
493 1632 676 1696 proruit
715 1648 870 1696 mens,
908 1633 997 1682 nisi
1038 1635 1112 1684 via
1152 1633 1337 1686 medelae
1370 1632 1558 1702 superfit
1608 1635 1764 1696 nulla,

244 1711 405 1759 praeter
424 1697 642 1748 furorem.
740 1703 885 1751 Arma
912 1702 1034 1768 gerit
1074 1701 1121 1750 in
1161 1701 1314 1753 fronte
1360 1703 1652 1753 Rhinoceros
1683 1740 1696 1763 ,
1737 1704 1769 1754 ὲ
1816 1734 1829 1747 -,

243 1764 384 1814 latere
406 1768 520 1814 tauri
541 1785 550 1815 t
591 1770 779 1818 oculum
801 1785 978 1833 nempe
1006 1769 1174 1819 ducem
1199 1770 1347 1821 furori
1373 1770 1564 1836 praefixit
1587 1784 1765 1831 natura,

247 1847 388 1898 quem
416 1834 493 1883 etli
519 1835 639 1885 nolit
660 1871 673 1895 ,
708 1834 835 1904 sequi
870 1836 1037 1888 debeat
1064 1838 1269 1890 nobilius
1297 1840 1494 1898 animal·,
1537 1852 1585 1887 ut
1619 1854 1763 1888 nove·
1814 1868 1818 1892 ;

239 1904 322 1959 rit,
356 1900 436 1949 ‘ubi
458 1937 470 1960 ,
505 1901 556 1952 ἃ
586 1900 1099 1970 ςῑιαιιάο”,[εενῐει]άιιη1.
1186 1912 1260 1958 En
1294 1907 1444 1956 ideam
1473 1906 1762 1972 Principum.
1816 1950 1818 1952 .

239 1968 498 2037 Indignum
538 1973 603 2022 est
629 1976 838 2041 Magnos
873 1973 1021 2023 furere
1061 1973 1152 2025 fine
1182 1990 1351 2027 mente.
1443 1976 1596 2045 Quam
1636 1993 1763 2026 caecor
1812 1998 1815 2008 =

239 2038 392 2103 gressu
411 2039 613 2102 rapitur,
647 2055 740 2091 tam
764 2042 1031 2093 vehementi
1055 2045 1148 2094 ruit
1182 2044 1361 2109 impetu
1387 2045 1538 2109 plebs.
1628 2045 1757 2093 Dum
1810 2047 1832 2102 j:

240 2106 502 2171 Principem
536 2107 616 2167 etfi
641 2127 848 2175 praeceps
881 2110 962 2160 fibi
988 2110 1109 2174 quasi
1142 2111 1362 2179 eripuerit
1388 2113 1563 2173 Ardor,
1599 2111 1757 2162 innata
1826 2119 1832 2170 ἒ

238 2172 479 2223 nobilitate
508 2175 699 2228 reducas
721 2176 900 2229 facilius
917 2217 936 2242 ‚7
963 2179 1042 2228 ubi
1070 2192 1138 2229 tot
1157 2178 1259 2230 fiint
1286 2180 1456 2239 duceS,
1495 2178 1620 2245 quod
1644 2195 1756 2229 con·
1816 2174 1832 2219 ’ἕ

234 2238 435 2291 filiorum
462 2245 727 2311 participes.
808 2248 921 2297 Uno
942 2244 1205 2312 licetaquae
1219 2249 1344 2298 fluxu
1372 2249 1756 2313 flamma,qua1n·
1830 2268 1832 2287 ÷

234 2308 305 2357 vis
334 2310 523 2376 grandis
552 2348 564 2372 ,
600 2332 696 2365 non
733 2314 909 2364 cefferit
943 2351 956 2377 ,
1008 2315 1246 2384 mitigatur
1279 2316 1458 2366 iterato.
1546 2314 1675 2365 Nam
1702 2312 1756 2365 &
1829 2326 1832 2362 :

234 2375 467 2428 durissima
493 2383 641 2431 cavari
676 2381 909 2434 cernimus
951 2400 1175 2433 marmora
1196 2419 1208 2443 ‚
1247 2382 1360 2434 dum
1387 2396 1517 2453 gutta
1551 2400 1647 2435 non
1679 2384 1754 2444 vi,

233 2442 312 2493 sed
348 2445 463 2512 saepe
492 2449 625 2499 cadit.
709 2452 842 2518 Saepe
861 2486 874 2511 ,
910 2467 1007 2517 quae
1034 2448 1126 2502 suis
1164 2469 1260 2501 non
1288 2454 1433 2503 cernit
1457 2487 1469 2511 ,
1512 2467 1557 2502 at
1583 2449 1749 2500 discer-

231 2512 301 2561 nit
342 2516 490 2566 oculis
515 2517 762 2585 Princeps,
808 2519 880 2569 his
906 2520 1085 2586 praestat
1117 2518 1314 2571 abunde.
1407 2519 1551 2569 Surda
1574 2519 1599 2569 ἐ
1636 2535 1750 2567 con·

227 2582 299 2629 tra
324 2583 618 2634 confiliorum
644 2589 915 2649 quorumvis
939 2587 1003 2636 est
1034 2586 1182 2638 rabies
1205 2588 1376 2639 civium
1403 2628 1415 2651 ,
1460 2603 1596 2652 atque
1629 2585 1747 2636 adeo

229 2649 459 2700 crudelior
483 2688 494 2709 ,
522 2654 628 2719 quia
652 2654 744 2704 fine
765 2657 966 2705 termino
999 2655 1221 2720 imputiiS.
1268 2655 1450 2707 Cessare
1475 2652 1644 2712 nescit,
1678 2655 1748 2703 ni·

232 2717 409 2768 siclum
450 2723 540 2769 una
578 2720 645 2784 se,
684 2720 735 2772 ὃ(
768 2726 982 2773 aemulum
1011 2721 1355 2789 consumpserit.
1454 2722 1577 2791 Quid
1619 2722 1745 2773 enim

233 2787 387 2837 tulerit
405 2818 418 2845 ,
463 2802 540 2837 aut
581 2791 774 2840 laturum
795 2790 845 2842 fit
872 2809 1041 2851 aevum,
1079 2807 1228 2858 neque
1256 2791 1477 2841 memoria
1504 2791 1741 2855 recoquit,

1532 2874 1681 2923 neque
