1832 3151
344 113 430 177 90
741 89 881 177 {Pr}
930 95 962 171 (
1006 111 1048 158 0
1092 94 1145 170 )’
1171 88 1310 178 Q&

351 245 784 336 QuAESTIO
844 245 1685 322 ETHICO-POLITICA.

255 383 360 445 An
396 377 722 445 Nobilitatis
731 379 912 462 potior
918 379 997 457 sd
1038 377 1286 444 habenda
1323 383 1464 444 ratio
1499 380 1582 443 ad
1609 381 1774 467 Reip,

925 474 1075 522 munia
1089 466 1108 524 ἶ

700 615 762 674 Ν
807 632 838 671 E
894 630 932 671 o
991 629 1034 670 A
1085 629 1127 671 T
1173 631 1211 671 u
1269 630 1334 673 R.

252 738 448 904 UT
487 735 611 786 costa
647 737 851 802 quadrati
889 754 998 787 cum
1043 737 1269 788 diametro
1296 735 1667 798 Mathematicis,
1711 737 1780 788 fic*

432 804 706 869 Reipublicae
751 804 1038 856 mederandae
1084 806 1287 874 dignitas
1328 805 1562 873 sanguinis
1615 807 1772 874 regul&

436 873 667 922 metienda
693 890 790 922 non
816 872 880 922 est
903 875 1121 924 Ponticis.
1192 877 1427 924 Virtutem
1449 873 1644 938 poscunt
1673 892 1773 923 mu·
1830 895 1832 900 ·

247 942 355 1000 nia,
390 958 486 992 non
517 939 808 1009 sanguinem.
897 941 991 990 Cui
1021 945 1210 994 aemulus
1238 944 1285 992 in
1328 960 1460 991 arena
1482 942 1545 991 cst
1569 944 1771 1001 Hec'tor,

246 1029 341 1061 non
375 1026 558 1058 auream
594 1009 748 1073 quaerit
774 1010 844 1058 vel
870 1006 1041 1059 hastam
1064 1051 1076 1073 ,
1096 1013 1166 1060 vel
1202 1010 1462 1067 Caffidem3
1496 1007 1573 1059 sed
1598 1010 1760 1069 robur,

246 1079 297 1128 δί
318 1078 465 1127 aciem
500 1078 687 1144 calybis.
760 1077 858 1125 Ubi
891 1078 1170 1138 architecto,
1209 1078 1412 1144 piciore,
1448 1077 1681 1127 navarcho
1699 1094 1772 1127 res
1819 1109 1821 1113 ·

246 1161 387 1216 eget,
424 1162 520 1193 non
555 1146 677 1194 unde
710 1147 745 1194 is
785 1146 972 1212 genitus
994 1183 1006 1206 ‚
1030 1145 1109 1195 sed
1134 1148 1240 1196 artis
1275 1145 1508 1211 specimen
1536 1146 1684 1210 petis,
1721 1155 1771 1194 ut
1817 1202 1819 1211 A

240 1214 433 1265 salutem
461 1228 586 1261 tuam
618 1215 883 1263 committas
900 1248 912 1268 .
948 1230 1000 1264 ut
1017 1212 1241 1278 sapienter
1267 1215 1459 1282 deligas.
1543 1216 1621 1263 Sic
1645 1214 1770 1262 dele-

244 1285 423 1342 &ui-us,
460 1298 556 1330 non
595 1299 689 1346 quo
717 1279 936 1349 sanguine
956 1318 967 1340 ,
1012 1281 1092 1331 sed
1116 1287 1201 1348 qua
1230 1282 1392 1332 virtute
1416 1281 1467 1331 sit
1492 1283 1672 1332 animus
1692 1281 1770 1329 de·
1817 1281 1819 1342 j

244 1350 447 1420 ligendi,
486 1349 733 1399 confidera.
819 1355 949 1418 Qtot
980 1350 1172 1399 flumina
1193 1389 1204 1411 ‚
1258 1348 1338 1399 suo
1364 1350 1500 1398 etiam
1532 1349 1769 1415 principio

245 1418 468 1488 grandia,
504 1416 720 1466 absorbet
752 1415 888 1476 Ister,
938 1419 1016 1482 qui
1056 1419 1235 1487 origine
1261 1417 1387 1468 rivus
1428 1417 1540 1467 est?
1579 1417 1767 1487 grandia
1814 1455 1817 1463 .

246 1486 406 1536 omnia
428 1484 476 1532 id
503 1486 583 1535 fibi
613 1485 859 1534 vendicant
889 1502 1069 1536 nomen
1101 1503 1185 1545 eo,
1223 1485 1351 1550 quod
1374 1487 1475 1534 actu
1503 1485 1626 1547 sunt,
1663 1502 1766 1535 non
1814 1506 1817 1511 ’

242 1572 340 1622 quo
358 1566 599 1617 caeperunt.
654 1555 756 1603 lmo
773 1555 932 1603 melius
956 1553 1150 1610 estsere,
1187 1553 1316 1618 quod
1336 1550 1478 1601 serius
1504 1555 1628 1602 venit
1641 1571 1654 1611 3
1693 1554 1763 1602 vel
1814 1572 1815 1577 ¹

241 1625 431 1684 natura,
460 1623 529 1671 vel
544 1636 637 1670 arte
654 1639 825 1688 nempe
847 1624 1046 1687 politum
1073 1621 1234 1689 magis,
1288 1622 1404 1690 Quis
1439 1639 1547 1670 auro
1560 1622 1764 1685 pretium

240 1704 382 1760 neget
401 1726 411 1746 ,
448 1687 525 1738 etsi
536 1690 655 1739 Ditis
672 1688 828 1740 fauces
855 1691 900 1738 in
918 1691 1121 1740 cavernis
1144 1691 1381 1755 occupet?
1419 1706 1617 1753 purpura
1638 1706 1762 1738 marc

238 1757 477 1827 quondam
502 1758 715 1821 incoluit,
751 1756 902 1823 byssus
924 1758 1093 1807 vermis
1116 1771 1235 1815 erat,
1273 1757 1388 1807 unio
1406 1757 1576 1806 fundus
1603 1755 1761 1822 abyssi,
1811 1765 1815 1768 “

237 1828 401 1879 cedrus
430 1828 580 1892 planta
604 1824 692 1874 fuit
721 1826 865 1875 exilis.
947 1825 1061 1890 Quis
1090 1825 1306 1875 merito?
1341 1839 1536 1888 quantus
1563 1827 1717 1874 animo
1738 1826 1762 1874 ἲ

239 1915 364 1953 non,
401 1894 640 1959 aquibus?
677 1896 724 1942 in
742 1893 956 1943 Ministro
980 1893 1287 1956 spestandum.
1342 1896 1531 1953 Genus,
1572 1891 1623 1941 ἃ
1653 1909 1761 1958 pro·
1808 1898 1811 1922 ⁵

235 1966 310 2016 avi
335 1999 346 2022 ,
382 1960 548 2026 &quae
568 1980 663 2011 non
685 1961 881 2011 fecimus
907 1960 1015 2026 ipfi,
1056 1978 1152 2010 non
1179 1980 1227 2011 ea
1262 1961 1412 2011 nostra
1439 1960 1554 2009 sum.
1661 1961 1756 2010 Suo
1809 1980 1811 1983 ·

234 2032 374 2084 let-*ari
389 2047 617 2094 quemque
644 2043 827 2095 oportet
849 2030 1045 2089 decore,
1080 2046 1178 2080 non
1201 2029 1366 2078 alieno.
1439 2029 1552 2076 Non
1572 2025 1761 2078 nascun·
1805 2028 1809 2039 ”

235 2113 335 2158 tur,
375 2095 452 2146 sed
475 2096 592 2146 fiunt
616 2097 811 2155 merita;
851 2110 1014 2163 utpote
1030 2098 1197 2148 decora
1223 2133 1235 2156 ‚
1273 2115 1367 2146 non
1392 2097 1540 2157 uteri,
1575 2094 1652 2144 secl
1668 2097 1761 2145 ani·
1802 2130 1804 2132 -

234 2169 318 2217 mi.
385 2167 502 2215 Non
531 2166 666 2233 origo
697 2200 708 2223 ‚
745 2163 823 2213 sed
859 2167 1095 2231 qualitates
1121 2166 1358 2215 hominem
1387 2164 1612 2229 probant,
1659 2164 1758 2212 lau·
1807 2209 1809 2215 s

237 2237 298 2287 de
326 2237 396 2283 vel
425 2233 689 2300 opprobrio
719 2267 732 2289 ‚
768 2247 902 2296 atque
928 2233 1043 2282 adeo
1067 2231 1184 2281 solio
1210 2272 1222 2295 ‚
1259 2246 1334 2281 aut
1351 2233 1532 2295 pulvere
1558 2230 1756 2299 dignum
1816 2258 1817 2265 κ

233 2304 455 2354 efficiunt.
547 2301 673 2368 Quid
698 2299 888 2358 sardius,
922 2300 1111 2349 divitem
1133 2336 1144 2358 ‚
1186 2299 1435 2368 gloriosum
1456 2335 1467 2357 ‚
1506 2299 1673 2350 fortem
1694 2300 1757 2347 vi·

236 2372 336 2420 deri
349 2407 358 2429 ‚
395 2369 471 2419 sed
500 2371 650 2418 alieno
683 2368 946 2418 duntaxat?
980 2368 1227 2426 ridebitur,
1276 2368 1357 2417 ubi
1392 2369 1622 2418 cornicula
1657 2367 1755 2430 plu-

237 2453 336 2489 mas
388 2435 608 2502 posuerit.
710 2437 849 2485 Fama
901 2433 997 2500 ipsa
1035 2475 1047 2498 ‚
1107 2436 1140 2485 fi
1179 2436 1401 2486 diffimilis
1447 2436 1498 2486 fit
1533 2435 1767 2492 meritus„

236 2506 365 2556 obest
394 2507 567 2574 magis,
598 2519 733 2569 quam
755 2503 954 2569 prodest.
1029 2505 1212 2573 Qianto
1237 2503 1443 2554 felicior!
1482 2503 1556 2567 qui
1579 2501 1751 2562 Patriae‚
1810 2529 1812 2534 ·

236 2575 286 2624 ὃ(
307 2573 510 2641 sanguini
536 2572 827 2622 nobilitatem
846 2571 1037 2621 fundare
1054 2571 1144 2639 ipse
1166 2571 1216 2622 &
1234 2573 1394 2636 poffit,
1435 2570 1484 2619 ἃ
1500 2571 1618 2620 velit.
1678 2571 1748 2619 Ut
1809 2598 1812 2613 2

233 2642 352 2694 adeo
375 2644 398 2690 ἐι
417 2642 511 2690 νὶι·ο
537 2639 587 2688 &
608 2638 790 2707 sanguis
811 2673 822 2698 ‚
857 2635 910 2688 ὃς
930 2641 1071 2705 patria
1092 2675 1103 2698 ‚
1128 2659 1221 2690 non
1244 2643 1267 2688 ὲ
1292 2641 1462 2696 Patria,
1500 2638 1551 2686 δί
1569 2635 1749 2704 {hugut-

230 2730 291 2761 ne
308 2711 374 2758 vir
394 2710 584 2778 gloriam
602 2706 870 2773 auspicetur.
945 2709 1098 2756 Sortis
1118 2748 1129 2770 ,
1164 2727 1263 2758 non
1280 2708 1417 2758 animi
1442 2706 1504 2754 est
1519 2742 1534 2764 ,
1551 2720 1627 2753 aut
1646 2705 1746 2756 saw
1808 2743 1809 2748 ,

234 2781 397 2847 guine,
432 2790 504 2826 aut
540 2778 681 2843 patria
710 2775 953 2825 nobilitari,
1025 2777 1178 2826 Laude
1200 2793 1343 2840 porro
1376 2775 1621 2841 iudignum
1652 2773 1745 2839 esto

1554 2842 1675 2907 qnod
