1781 3151
544 73 1120 166 fffiwhssssa
1428 102 1505 164 13

67 176 134 232 ost
155 179 247 232 vini
272 196 328 230 ex
354 182 532 232 vinetis.
585 178 810 230 Curanda:
848 179 961 248 ergo
992 200 1074 248 per
1101 178 1288 232 Celsum
1311 183 1456 247 viteS,
1480 188 1595 240 dum
1662 188 1667 191 *

70 248 332 318 germinant
365 286 375 305 ,
413 250 609 307 florent,
641 245 969 299 maturescunt.
1051 250 1125 299 Sic
1155 266 1312 303 natura
1348 254 1439 320 ipsa
1469 257 1595 320 juva-

70 333 144 367 tur
181 318 241 368 ad
274 318 544 368 ubertatem.
621 317 728 380 ,nia
768 315 830 366 est
863 317 1039 365 olerum
1063 356 1076 379 ,
1123 315 1174 366 ἃ
1205 317 1494 387 leguminum
1537 341 1595 377 ex

67 383 215 437 hortis
247 405 332 452 pro
350 385 533 435 familia.
582 387 673 435 Hic
705 383 816 435 olim
848 382 991 434 vinus
1013 399 1107 435 erat
1137 388 1392 441 universus,
1465 393 1597 445 Salu-

65 449 164 504 bris
203 454 425 519 corpori,
477 451 642 504 &fine
683 450 856 508 invidia
888 452 1117 518 parabilis.
1195 471 1281 518 4ta
1324 460 1386 509 est
1429 477 1596 527 pomo..

60 534 172 572 rum
197 520 222 570 ὲ
252 520 472 587 pomariis
504 521 901 588 reponendorum.
973 522 1169 572 Certum
1198 523 1248 574 id
1287 526 1370 576 tibi
1400 527 1478 579 fit:
1514 534 1593 581 Pa-

64 602 182 640 trem
214 589 408 655 familias
445 606 549 640 eum
576 586 860 641 censendum
904 606 1003 639 non
1048 590 1131 639 esse
1161 625 1173 649 ‚
1226 594 1307 659 qui
1350 613 1402 645 ea
1442 600 1559 648 emit
1581 635 1594 660 ,

64 675 167 725 quae
205 657 291 708 suo
316 658 340 709 ὲ
363 658 512 709 fundo
536 674 691 725 parare
722 658 889 724 potest.
963 661 1071 708 Haec
1103 657 1271 710 humus
1299 661 1593 718 ministrabit.

167 728 542 795 Accedat‘pccus
585 741 725 776 omne
748 763 761 788 ,
796 723 882 775 five
909 724 1035 791 quod
1063 728 1194 787 villa,
1230 728 1318 781 five
1342 732 1471 796 quod
1493 752 1594 786 rura

63 795 189 847 alere
211 796 371 846 solent·
441 794 645 846 Grandia
666 794 776 844 hinc
810 794 1045 859 impendia
1078 813 1173 845 non
1206 798 1397 863 privatis
1430 802 1591 853 dunta-

65 879 141 915 xat
167 905 177 923 ‚
204 865 276 914 sed
311 860 363 912 &
386 861 672 932 regionibus.
752 862 1015 913 Pecuaiiam
1044 899 1056 921 ‚
1100 861 1154 911 ἃ
1199 866 1358 917 vinum
1399 868 1593 938 Hunga-

65 934 142 982 riae
160 935 240 999 qui
273 930 434 990 novit,
469 947 661 984 nervum
697 927 835 999 regni
865 945 1086 997 quantum
1121 930 1167 981 in
1213 952 1358 985 annos
1389 936 1589 1006 singulos

64 1001 154 1065 jam
183 998 550 1066 compleciitur?
585 1002 693 1068 Jam
725 999 941 1064 pecuaria
972 1018 1057 1066 pro
1080 997 1166 1049 soli
1195 1039 1207 1063 ,
1253 1000 1304 1050 δί
1335 1004 1589 1073 regionum

63 1070 281 1119 varietate
307 1069 440 1120 varia.
509 1068 714 1119 Camelis
738 1066 845 1121 Afia
870 1101 883 1127 ‚
931 1065 1204 1135 Elephantis
1233 1069 1363 1120 India
1383 1107 1397 1133 ,
1444 1077 1588 1140 equis,

65 1137 117 1186 ὅ(
145 1137 350 1188 cornutis
373 1137 543 1187 caeteris
565 1139 754 1204 Europa
777 1135 995 1187 abundat.
1061 1135 1175 1186 Non
1207 1137 1412 1189 nostrum
1437 1142 1501 1193 est
1522 1145 1590 1194 ire

60 1223 147 1272 per
167 1204 357 1274 fingula.
442 1207 762 1272 Experientia‚
788 1202 848 1253 ἃ
878 1205 1104 1274 generalia
1123 1204 1223 1255 haec
1252 1207 1480 1276 principia
1498 1247 1510 1271 ‚
1556 1211 1588 1261 fi

61 1291 196 1324 amor
219 1273 334 1324 adfit
357 1307 370 1333 ,
404 1276 636 1340 quemque
670 1272 945 1325 docebunt:
987 1289 1037 1324 ut
1076 1273 1172 1324 nilil
1215 1275 1287 1325 de—
1316 1281 1589 1340 venatione,

60 1344 291 1407 aucupio,
333 1340 617 1406 piscatione,
656 1341 913 1393 &ruribus
944 1342 1021 1393 hic
1045 1341 1212 1393 dicam.

163 1409 430 1461 Artificialis
451 1411 721 1478 acquirendi
750 1411 869 1462 ratio
890 1425 1060 1461 naturae
1084 1427 1181 1461 non
1214 1411 1486 1475 adversatur,
1507 1415 1586 1468 sed

58 1478 202 1542 juvat.
258 1480 429 1529 Primas
455 1479 536 1530 hic
571 1481 750 1530 obtinet
776 1479 1120 1537 Commercium,
1155 1496 1322 1531 eorum
1355 1483 1585 1546 videlicet,

60 1548 141 1612 qui
189 1562 494 1597 mercaturam
532 1562 783 1610 exercent,
820 1544 873 1596 ὃ(
908 1551 1286 1600 commutatione
1327 1568 1413 1616 per
1455 1571 1586 1602 num-

60 1631 190 1664 mum
215 1613 330 1664 fana
350 1615 532 1666 divitias
558 1615 636 1666 fibi
664 1630 935 1681 comparant
961 1616 1098 1678 justas
1121 1652 1132 1665 .
1207 1620 1334 1668 Olim
1366 1622 1585 1687 namque,

60 1682 311 1733 Aristotele
343 1683 484 1742 teste,
520 1702 591 1735 res
620 1701 707 1751 pro
744 1684 878 1734 rebus
919 1685 1365 1747 cummutabantur3
1426 1708 1585 1756 quem·

62 1750 319 1802 admodum
346 1749 399 1800 &
438 1751 580 1804 hodie
612 1755 662 1803 in
682 1751 882 1802 barbaris
909 1751 1195 1819 Regionibns
1216 1755 1438 1806 Indorum
1467 1757 1584 1821 fieri,

61 1819 344 1885 experientia
377 1819 532 1872 docet.
613 1825 672 1872 In
703 1822 909 1872 cultioris
939 1821 1065 1871 orbis
1087 1822 1225 1890 plaga
1251 1839 1299 1874 rt
1320 1824 1586 1880 facilius-ree

61 1888 311 1954 procedat,
346 1888 574 1942 beneficio
604 1891 783 1942 nummi
816 1908 885 1941 res
923 1892 1243 1942 nummulariis
1283 1894 1586 1958 compensan-

62 1970 152 2007 tur.
221 1956 471 2008 I„e5‘tiffima
491 1960 585 2009 haec
617 1958 680 2008 est
703 1958 915 2025 parandae
934 1960 1134 2025 pecuniae
1158 1959 1424 2025 methodus,
1438 1965 1584 2014 modo

61 2022 246 2093 legibus
298 2024 416 2076 infra
453 2024 706 2078 scribendis
744 2041 918 2097 agatur.
1020 2028 1126 2078 Imo
1165 2042 1325 2079 natura
1355 2030 1449 2096 ipsa
1493 2031 1583 2082 hae

63 2095 199 2143 causa
223 2111 381 2145 verum
408 2094 454 2143 id
483 2096 623 2147 fecit:
662 2113 749 2146 non
771 2096 1033 2163 omnisfert
1053 2100 1203 2146 omnia
1230 2098 1365 2146 tellus
1384 2141 1397 2162 ‚
1436 2114 1483 2150 ut
1518 2103 1581 2150 al·

65 2177 143 2209 ter
174 2160 232 2210 ab
278 2163 470 2213 alterius
508 2169 703 2235 pignore
724 2161 881 2228 fitmat
915 2180 1030 2232 opes.
1124 2165 1423 2230 Respublicas
1457 2169 1579 2234 ipsas

60 2228 246 2280 creviffe
270 2231 470 2283 vidimus
491 2267 507 2295 ,
557 2234 664 2284 curn
696 2233 881 2283 crevere
908 2235 1185 2284 commercia
1209 2270 1221 2294 ‚
1258 2235 1309 2285 ut
1341 2237 1583 2289 Hollandi·

63 2313 167 2347 eam
194 2335 208 2359 ,
243 2299 536 2352 Genuensem
560 2338 573 2361 ,
607 2305 927 2369 Venetamque
967 2302 1224 2353 hodiedum
1257 2303 1415 2354 videre
1456 2306 1577 2357 iicet.

65 2365 288 2416 Flornere
317 2386 488 2436 regna,
522 2371 718 2421 florente
748 2372 1034 2421 commercio
1067 2390 1079 2422 t
1131 2373 1279 2435 jacere
1325 2375 1485 2423 contra
1517 2376 1582 2428 est

61 2433 273 2492 necesse,
309 2436 389 2485 ubi
435 2442 586 2496 iacent
626 2439 953 2497 commercia;
1001 2439 1113 2506 quid
1154 2441 1321 2491 mirum
1370 2444 1581 2509 proinde

59 2502 200 2552 otiam
224 2503 424 2568 privatas
446 2504 508 2556 fic
533 2505 739 2557 crescere
766 2506 994 2557 familias?

166 2573 282 2621 Haec
305 2590 445 2638 porro
469 2589 721 2625 mercatura
747 2575 952 2626 exerceri
976 2575 1147 2642 potest,
1183 2580 1252 2628 vel
1269 2578 1579 2646 navigatione,

65 2640 214 2699 mari,
252 2654 326 2689 ant
362 2644 558 2693 flumine
601 2661 776 2694 merces
819 2643 1122 2704 advehendo3
1159 2646 1231 2695 vel
1281 2647 1578 2706 deveffione,

63 2705 180 2756 dum
211 2713 329 2758 terra
358 2711 658 2763 advehuntur.
718 2719 809 2762 Aut
853 2711 1147 2764 faeneratione
1168 2749 1180 2773 ,
1217 2715 1323 2766 cum
1356 2731 1578 2766 nummus

64 2790 313 2829 nummum
342 2779 370 2830 ὂ
395 2779 533 2832 censu
567 2782 703 2850 parit.
740 2783 848 2833 Huc
876 2779 1042 2834 referre
1073 2783 1183 2837 licet
1209 2781 1261 2835 δι
1284 2783 1442 2901 ἰΠιιάἐκ
1470 2785 1580 2834 cum

1431 2868 1507 2902 ,ru-
