1832 3151
498 91 1089 180 {Qssomsssse
1377 109 1493 175 157

2 219 3 222 ¹
57 197 152 254 diis
172 214 260 265 vpar
291 195 355 249 est
378 195 616 264 Princeps,
703 197 864 248 Nemo
896 214 1060 263 parere
1096 213 1194 248 non
1218 196 1391 266 gaudet
1412 199 1484 265 ei,
1504 215 1584 251 cu·

1 298 4 321 .·
58 269 130 334 jus
163 267 354 333 pondus
374 301 388 328 ,
424 267 646 333 quantum
675 281 865 334 gravat,
903 266 1082 316 tam-um
1108 266 1212 330 spes
1232 283 1405 318 recreat
1422 304 1434 328 ‚
1460 286 1583 319 mer·

2 359 3 362 ¹
59 351 139 387 ces
162 339 300 387 etiam
322 370 335 394 ‚
356 346 407 386 ut
428 348 665 398 expetatur
686 352 700 394 3
736 333 951 385 oble-stat.
1023 335 1222 383 Nullum
1242 338 1481 400 potentius
1501 338 1586 388 do·

0 427 3 435 ·
59 404 265 456 minandi
295 403 357 453 est
384 419 558 470 geum,
597 417 674 451 aut
702 400 942 452 sublimior
964 400 1152 454 servitus
1176 436 1189 462 ‚
1228 420 1282 452 ac
1313 404 1584 456 immunita·

0 488 3 527 ἓ
59 472 187 524 tibus
203 485 346 538 parta.
392 471 589 522 Vincula
605 469 697 536 ipsa
726 470 931 538 gaudens
956 473 1147 531 tolerat,
1181 472 1459 537 quaeinjecit
1480 491 1582 544 gra·

0 574 1 589 2
59 541 138 591 tia.
221 540 424 590 Felicem
467 555 666 605 namque
702 538 857 590 censet
881 537 928 589 se
959 541 1112 590 omnis
1138 578 1151 604 ,
1194 541 1306 593 cum
1336 539 1486 592 subest
1507 543 1580 604 ei,

58 624 305 677 perquem
338 607 449 657 felix
476 609 540 659 est
574 608 797 668 redditus.
862 607 1112 673 Optimum
1147 605 1400 658 securitatis
1426 619 1581 677 genus

0 711 1 714 =
55 677 123 728 est
147 713 160 738 ,
195 675 451 727 benefactis
480 677 765 744 rapientibus
791 676 975 726 animos
1008 674 1054 726 se
1088 675 1283 727 munire.
1351 679 1488 744 Rapit
1515 681 1584 731 ni·

56 744 128 798 hil
155 745 305 814 magis
327 782 340 808 ,
380 747 518 811 quam
539 745 810 795 immunitas
845 745 1023 794 collata.
1094 744 1322 808 Securitas
1352 761 1472 798 certa
1501 748 1581 812 est,

57 815 176 866 dum
198 813 408 882 praesidio
427 811 532 864 sunt
554 813 721 882 gratiae.
792 814 890 863 Tot
920 830 1007 878 pro
1036 810 1080 862 se
1103 815 1264 863 maenia
1283 814 1602 882 fimdat,quoe

51 883 350 935 immunitate
375 882 479 948 quis
499 882 641 933 dotat.
711 882 925 933 Feliciter
954 896 1249 947 expugnatur
1272 884 1477 943 animus,
1497 884 1584 936 ubi

0 955 1 961 ’
52 951 144 1002 ὴὶὶε
177 951 447 1002 liberalitate
469 967 685 1002 certatur.
752 951 838 999 N‘il
858 949 1018 1000 seritur
1034 949 1166 999 irrito
1191 986 1202 1007 ,
1243 952 1374 1016 quod
1401 952 1458 1003 sic
1471 971 1583 1018 pro·

0 1013 1 1017 ¹
45 1018 270 1071 funditur.
341 1018 656 1071 Circumstant
680 1019 942 1086 benignum
965 1018 1055 1067 laeti
1098 1018 1224 1084 oculi
1255 1054 1268 1079 ,
1306 1020 1595 1082 eandm-‚62

53 1089 229 1147 ducia,
275 1085 480 1154 sequitur
518 1088 746 1138 memoria
788 1087 1080 1153 sempiterna.
1175 1087 1367 1139 Parcum
1420 1093 1584 1141 contr&

53 1156 259 1217 morosi,
292 1155 556 1216 fimulat10‚
594 1156 754 1215 dolus,
792 1154 987 1205 oblivio.
1077 1156 1199 1205 Tam
1233 1155 1329 1206 fere
1359 1158 1578 1224 nescitur,

51 1227 131 1293 qui
169 1242 268 1275 non
303 1225 486 1276 vixerit.
535 1228 713 1275 Amore
735 1225 941 1275 munitur
961 1224 1128 1273 solium
1152 1243 1168 1283 3
1202 1229 1460 1278 nonamari
1481 1246 1580 1281 non

53 1293 232 1363 potest,
268 1311 354 1361 pro
391 1310 489 1360 quo
529 1291 752 1344 beneficia
782 1293 951 1360 linguae
981 1291 1110 1355 sum,
1151 1309 1200 1342 ut
1235 1309 1423 1347 ametur.
1476 1297 1584 1346 Hae

54 1364 116 1413 de
150 1359 541 1428 causaP1·incepS‚
581 1376 631 1412 ut
653 1361 939 1411 firmamenta
954 1376 1207 1430 regnorum
1228 1398 1239 1419 ,
1275 1365 1584 1425 amorem,&

53 1432 288 1484 honorem
315 1430 563 1493 referrent,
603 1445 674 1481 tot
718 1431 769 1483 in
792 1431 905 1481 aulis
931 1444 1124 1479 munera
1150 1462 1163 1489 ,
1212 1427 1266 1480 &
1298 1433 1583 1502 dignitatum

52 1500 227 1569 gradus
253 1500 607 1567 excogitarunt,
646 1513 695 1548 ut
726 1497 901 1548 insonti
933 1494 1234 1564 profusione,
1268 1499 1382 1551 dum
1415 1503 1584 1555 immu-

53 1586 140 1623 nes
165 1567 368 1620 reddunt
398 1569 555 1634 plures
597 1566 850 1628 oneribus,
888 1565 1120 1633 publicam
1157 1564 1446 1621 securitatem
1486 1573 1589 1624 fun·

53 1637 203 1700 dent,
242 1637 535 1699 Maiestatem
562 1650 745 1687 ornent.
800 1634 1078 1699 Respublica
1105 1635 1230 1686 nulla
1270 1637 1367 1704 est,
1394 1657 1493 1706 quae
1515 1655 1584 1691 to·

53 1710 122 1777 ga
149 1706 346 1774 perinde
364 1738 381 1765 ‚
413 1722 467 1756 ac
491 1703 601 1774 sago
621 1705 806 1755 illustria
831 1722 928 1754 non
959 1703 1135 1754 censeat
1164 1707 1377 1772 nomina,
1415 1709 1587 1762 horum

5 1791 8 1834 j
55 1776 236 1826 meritis
262 1772 379 1842 saepe
402 1776 542 1825 etiam
568 1776 750 1842 populo
781 1774 1046 1824 immunitas
1068 1773 1121 1823 fit
1150 1770 1330 1825 solatio,
1410 1778 1587 1831 Princi-

55 1845 130 1912 pis
156 1883 170 1908 ,
207 1843 495 1911 Reipublicae
517 1879 530 1904 ,
565 1857 964 1893 remuneratorum
987 1848 1138 1893 causa.
1210 1844 1318 1896 Hoc
1345 1862 1442 1899 'tino
1481 1862 1585 1898 mu⁵

0 1953 1 1957 ,
52 1931 166 1966 nere
200 1931 283 1981 par
321 1913 412 1963 diis
460 1912 527 1964 est
563 1912 797 1979 Princeps.
876 1919 1012 1963 Auro
1053 1910 1228 1977 privata
1258 1915 1396 1967 etiam
1433 1933 1584 1983 penus

54 1983 290 2034 munerari
319 1983 537 2033 virtutem
571 1981 750 2047 potest,
787 1995 831 2033 at
860 1979 1152 2032 immunitate
1181 1983 1401 2054 Princeps
1438 1983 1582 2039 solus.

55 2051 339 2117 Respublica
361 2050 652 2101 immunitate
677 2050 850 2100 donata
868 2050 1092 2117 quantum
1107 2051 1267 2103 crescit
1280 2057 1470 2119 affeetu,
1489 2072 1590 2107 tan-²

56 2120 161 2170 tum
195 2120 365 2169 virtute
383 2119 429 2168 in
457 2120 750 2184 Principem3
789 2118 1087 2182 fibidecora‚
1126 2122 1293 2171 exteris
1329 2124 1587 2175 foi-midam

60 2189 138 2237 da.
184 2185 440 2253 Nunquam
469 2187 688 2256 indignus
707 2188 851 2238 videri
872 2189 1079 2255 populus
1104 2188 1195 2239 hoc
1212 2209 1407 2244 munere
1425 2192 1582 2244 debet.

59 2257 218 2308 Etiam
246 2256 403 2305 Pit-atis
436 2273 593 2317 mare,
623 2256 877 2308 idololatris
916 2271 1033 2307 terra
1068 2258 1133 2307 est
1154 2259 1324 2320 libera,
1357 2261 1425 2311 sol
1459 2262 1588 2313 idem

57 2324 127 2374 est
157 2323 391 2374 omnibus.
476 2325 710 2391 Tyrannis
751 2323 846 2392 ipsa
878 2326 1128 2376 tolerabilis
1172 2331 1313 2396 vulgo
1351 2331 1551 2382 creditur
1575 2364 1590 2392 ,

54 2391 145 2442 ubi
179 2392 448 2443 immunitas
488 2394 641 2458 aliqua
671 2393 908 2444 liberalem
952 2396 1134 2460 populo
1166 2399 1431 2464 Principem
1477 2414 1592 2465 pro·

59 2460 166 2517 bat.
235 2463 356 2510 Tam
389 2461 515 2511 enim
546 2462 649 2512 haec
674 2464 722 2511 in
751 2463 830 2512 illo
864 2463 1106 2524 amabilis,
1144 2482 1192 2514 ut
1226 2466 1259 2514 fi
1295 2467 1437 2517 desint
1459 2482 1591 2517 carte·

70 2548 120 2579 ra
143 2565 156 2589 ‚
193 2545 373 2579 ametur
398 2546 453 2578 ex
476 2545 599 2589 una;
633 2529 684 2579 ut
711 2531 869 2580 contra
887 2533 1002 2582 odio
1028 2531 1079 2581 fit
1095 2550 1152 2583 ex
1180 2551 1272 2584 uno
1293 2537 1447 2604 rigore
1476 2553 1590 2586 con·

58 2598 226 2656 stanti,
261 2595 295 2646 fi
317 2611 480 2648 ca’tera
507 2596 649 2648 adsint
683 2599 859 2650 omnia.
916 2602 1210 2651 Remunerati
1249 2621 1393 2667 porro
1421 2605 1589 2654 immu-

60 2664 285 2725 nitatibus
308 2668 546 2732 provocati
574 2664 620 2716 se
643 2667 830 2728 Patriae‚
867 2666 947 2718 fibi
976 2670 1167 2719 Patriam
1194 2672 1407 2736 probant.
1466 2677 1590 2723 Tor·

57 2751 179 2799 ⁴pere
205 2734 339 2784 ardor
360 2733 511 2786 nescit
531 2771 543 2790 ‚
580 2737 653 2785 cui
685 2734 776 2786 boc
822 2737 972 2788 calcar
990 2736 1262 2792 subdideris.
1335 2745 1480 2792 Larva
1513 2739 1589 2792 sae·

60 2819 126 2869 pe
155 2801 397 2870 personata
409 2803 474 2856 est
491 2801 763 2870 discrimen,
795 2804 956 2857 umbra
977 2825 1072 2859 non
1090 2809 1257 2861 merito
1282 2808 1368 2861 fito
1388 2811 1581 2861 tei-rens,

1419 2881 1520 2930 Has
