1832 3151
325 116 408 178 42
729 96 1297 182 ffl(0)&÷{÷

236 198 301 250 tia
345 194 500 245 mellei
531 192 683 252 fiunt,
712 203 887 248 cedunt
931 197 954 245 e*
987 198 1182 265 vestigio
1212 197 1397 248 consilia
1437 202 1616 265 omnia,
1658 200 1772 251 dum

238 263 469 322 blandum
491 278 707 314 amorum
738 264 961 318 fascinum
990 268 1175 332 pondus
1203 266 1332 317 addit
1359 270 1550 336 petenti.
1668 277 1671 281 ’

798 402 859 461 N
881 420 917 461 E
945 420 1223 470 GATuR.

373 543 471 593 Uid
505 542 597 592 ita?
626 544 906 612 purpurissus
934 545 988 596 fit
1011 560 1088 596 aut
1123 547 1366 609 meritum,
1400 561 1475 598 aut
1506 548 1679 616 gradus
1715 546 1774 597 ad

407 610 544 661 fasces
573 608 626 660 δί
659 615 954 677 purpuram?
986 617 1163 665 Falleris
1187 651 1200 674 ‚
1243 615 1277 665 fi
1316 618 1340 665 a
1376 617 1582 666 candore
1622 616 1774 666 vultfis

240 682 541 734 candidatum
568 681 733 730 statuas
757 682 1052 750 dignitatum.
1126 684 1382 735 Sexcentos
1417 701 1576 734 natura
1596 683 1778 734 belliffi·

239 768 382 814 mos,
419 749 627 799 imbelles
667 764 820 801 tamen
858 751 1047 806 animo,
1075 754 1226 802 nullos
1271 753 1449 814 judicio
1488 754 1580 802 una
1609 752 1780 801 consti-

240 820 343 871 tuit.
414 821 528 868 Rara
560 816 720 868 format
751 819 838 868 dos
873 819 1096 869 virtutum
1128 822 1432 872 communio!
1470 820 1598 888 quod
1631 824 1777 870 Vates
1803 854 1806 856 -

238 889 356 940 olim
391 886 450 936 de
477 904 592 936 una:
625 904 743 935 rara
768 888 829 952 est
858 890 1096 945 concordia
1116 889 1314 954 formae,
1345 905 1478 956 utque
1503 890 1773 955 pudicitiae,

239 957 410 1026 quidni
438 954 573 1005 facile
606 955 665 1004 de
693 955 916 1006 omnibus
950 957 1155 1006 dixerit?
1193 960 1262 1006 Ut
1288 956 1514 1017 liberalis,
1544 973 1644 1007 non
1669 974 1778 1022 pro·

238 1028 351 1094 diga
381 1040 535 1086 tamen
557 1023 654 1072 fere
677 1023 740 1071 est
771 1038 956 1084 natura,
998 1039 1177 1076 tantum
1199 1026 1378 1076 virtutis
1400 1026 1557 1076 animo
1576 1042 1779 1090 quaeren-

237 1095 353 1144 dum
398 1093 525 1154 finit,
560 1105 788 1157 quantum
823 1093 1009 1143 decoris
1047 1094 1212 1143 tribuit
1249 1095 1439 1158 corpori
1477 1112 1573 1145 non
1613 1091 1770 1159 quaefi·

237 1179 354 1216 tum.
447 1161 575 1228 Qid
616 1162 735 1210 flore
772 1163 1030 1228 elegantius
1057 1201 1068 1223 ,
1111 1177 1188 1211 aut
1224 1162 1446 1227 pichuis?
1483 1161 1598 1228 quis*
1623 1177 1780 1214 tamen

236 1233 307 1283 illi
338 1230 537 1292 fructus,
571 1228 645 1280 his
673 1229 723 1281 in
757 1228 919 1279 senatu
943 1230 1075 1281 vox?
1106 1230 1369 1289 oblectant,
1396 1247 1482 1282 nee
1510 1231 1676 1279 famem
1711 1244 1777 1279 ta·

238 1319 375 1359 men,
406 1317 491 1349 nec
516 1298 725 1365 pericula
757 1300 1046 1349 amoliuntur.
1137 1298 1409 1365 Praesagium
1438 1300 1526 1348 flos
1557 1298 1779 1364 equidem

244 1368 310 1419 est
329 1405 341 1429 ,
370 1366 449 1418 sed
484 1367 599 1428 heu,
623 1369 765 1431 quam
798 1367 1056 1418 incertum!
1086 1372 1222 1419 Erras
1241 1403 1253 1427 ‚
1282 1367 1402 1416 mihi
1436 1368 1570 1416 crede
1587 1406 1599 1430 ,
1624 1384 1740 1416 erras
1759 1404 1774 1429 ,

239 1437 275 1489 fi
312 1439 335 1489 ὲ
370 1437 489 1487 flore
515 1435 716 1485 fluctum
754 1435 980 1486 continuo
1010 1437 1309 1486 certiffimum
1342 1435 1622 1493 concludas3
1655 1435 1782 1500 prui-

239 1522 352 1567 naS,
374 1521 541 1555 ventos
562 1544 573 1566 ,
607 1501 776 1554 insecta
811 1505 1026 1567 consule,
1055 1504 1106 1554 ἃ
1137 1505 1302 1569 quovis
1334 1521 1439 1555 vere
1464 1504 1631 1554 dietam
1651 1505 1780 1570 leges

235 1576 475 1627 veritatem
508 1572 749 1624 firmatam.
817 1573 899 1621 Par
919 1573 1020 1623 vitri
1054 1571 1105 1622 ἃ
1132 1574 1259 1623 floris
1293 1570 1421 1635 sors,
1453 1569 1522 1621 fra
1561 1573 1677 1621 ilitas
1698 1589 1780 1621 na-

237 1644 343 1694 tiva.
438 1642 708 1707 Pentapolis
741 1657 886 1706 poma
916 1642 1073 1704 nitore
1101 1639 1180 1691 filo
1209 1641 1301 1690 heu
1347 1659 1486 1706 quam
1533 1642 1684 1690 aniem
1715 1653 1782 1689 te·

238 1714 386 1781 gunt!
414 1730 513 1763 non
545 1709 696 1761 oculis
719 1708 991 1771 fallacibus,
1037 1708 1117 1759 sed
1154 1711 1309 1758 animo
1346 1709 1480 1759 crede
1514 1709 1574 1758 de
1604 1709 1786 1761 meritis

238 1781 483 1846 judicanti.
578 1780 731 1845 Qam
760 1775 882 1842 saepe
921 1779 1137 1828 amaenior
1174 1777 1352 1836 forma,
1379 1778 1643 1827 Minervam
1673 1778 1778 1841 pin·

243 1866 418 1919 guem,
460 1846 685 1909 confiliis‚
723 1845 916 1908 officiis,
952 1846 1082 1897 bellis
1111 1846 1314 1911 ineptam
1343 1845 1487 1910 tegit!
1523 1849 1683 1896 Durus
1710 1843 1783 1894 sae-

237 1935 301 1987 pe
339 1932 524 1979 cortex,
549 1917 689 1981 quam
718 1915 903 1965 dulcem
943 1916 1061 1984 tegit
1081 1913 1337 1965 nucleum?
1381 1915 1429 1962 Si
1457 1914 1685 1963 concham
1717 1913 1782 1963 νί-

239 1987 352 2038 deas
394 1984 629 2041 scabritie,
675 1982 906 2042 calcabis3
933 1981 986 2033 &
1025 1997 1207 2042 tamen,
1240 1997 1466 2050 quantum
1501 1983 1622 2049 gerit
1647 1997 1783 2032 utero

239 2054 479 2122 pretium?
515 2053 799 2119 Squallentes
843 2070 980 2117 rupes
1006 2069 1142 2118 gazas
1167 2065 1327 2102 tenent
1357 2047 1617 2102 visceribus.
1709 2052 1780 2099 Ut

238 2124 421 2176 lacerna
443 2122 546 2171 vilis
565 2162 578 2184 ,
607 2135 685 2171 aut
707 2120 887 2169 dolium
901 2159 913 2182 ,
945 2121 1170 2188 grandem
1187 2118 1540 2184 Philosophum,
1551 2118 1613 2168 fic
1628 2118 1782 2168 Ther·

244 2194 337 2244 fitis
367 2191 519 2242 forma
554 2191 768 2257 ingentes
805 2187 926 2252 saepe
962 2189 1080 2254 tegit
1123 2190 1316 2239 animos.
1386 2188 1420 2234 F
1427 2203 1566 2234 ormae
1610 2187 1776 2237 damna

237 2263 462 2312 virtutum
485 2259 597 2308 dote
628 2259 788 2308 caelum
817 2254 1095 2320 compensat.
1165 2257 1325 2307 Virtus
1355 2271 1454 2304 non
1488 2253 1649 2316 sortis,
1696 2253 1777 2306 sed

240 2329 383 2380 animi
407 2328 469 2378 est
493 2327 749 2393 praemium.
818 2325 917 2376 Cur
933 2340 1048 2392 ergo
1067 2324 1197 2389 quod
1227 2323 1406 2374 virtutis
1437 2323 1500 2372 est
1521 2323 1778 2388 praemium,

242 2396 384 2458 sorti,
411 2396 457 2445 id
490 2395 553 2446 est
583 2396 739 2445 colori
771 2393 905 2445 cedat
933 2392 981 2443 in
1013 2393 1258 2458 praedam?
1283 2396 1364 2442 Vae
1389 2390 1688 2456 Reipublicae,
1703 2390 1780 2439 cui

239 2465 304 2517 fic
339 2463 626 2515 consultum!
652 2463 791 2528 quam
822 2462 940 2527 saepe
967 2459 1109 2510 solem
1140 2462 1358 2512 mentitur
1395 2462 1560 2518 color,
1603 2458 1682 2523 qui
1709 2461 1780 2507 lu·

241 2551 349 2585 nam
374 2551 564 2586 omnem
595 2531 899 2582 inconstantia
930 2527 1150 2595 superat?
1181 2528 1464 2594 Majestatem
1493 2567 1503 2591 ,
1542 2524 1593 2576 &
1620 2525 1776 2592 provi·

241 2603 448 2655 dentiam
480 2601 647 2653 mentis
678 2613 845 2668 petunt
872 2615 1063 2652 munera
1086 2631 1102 2662 ,
1122 2616 1221 2652 non
1247 2599 1454 2668 gratiam.

1521 2858 1569 2926 §-
1609 2856 1705 2916 IV.
