1832 3151
331 144 413 209 52
703 105 1278 209 ἕῇἓεέω>ἓ<ἐὲ

248 238 388 288 Hunc
428 230 570 282 finem
590 269 603 293 ‚
630 231 732 294 quia
763 249 850 296 per
869 229 1105 298 regimen,
1140 229 1215 279 seu
1247 226 1457 280 ordinem
1480 227 1777 297 gubernatio-

244 307 318 358 nis
346 300 578 370 praecipue
609 299 757 364 potest
788 297 991 365 spectare
1014 332 1027 357 ,
1063 296 1114 345 ἃ
1139 314 1290 347 curare
1319 315 1436 349 unus
1461 315 1477 356 3
1507 300 1578 347 vel
1602 302 1733 366 pauci
1757 336 1771 361 ,

248 373 381 422 &illi
409 369 575 434 optimi
608 384 622 424 3
665 367 740 414 vel
767 380 895 415 totus
917 366 1120 432 populus
1152 365 1448 425 fimu13hinc
1484 367 1652 433 triplex
1682 368 1774 417 ori.

245 457 319 492 tur
343 439 495 488 forma
515 434 718 486 Politieae
743 469 755 494 ‚
786 433 863 483 seu
902 432 1180 496 Reipublicae
1202 452 1259 484 ex
1291 434 1431 484 Arist.
1473 447 1515 493 3.
1548 439 1647 485 Pol.
1665 455 1704 487 c.
1724 453 1772 496 7.

241 513 304 561 Et
335 509 360 556 ὲ
391 507 591 563 contra,
627 503 733 568 quia
765 503 931 566 pariter
958 499 1201 563 tripliciter
1224 499 1282 550 ab
1322 498 1415 550 hoc
1444 497 1536 549 fine
1576 498 1774 551 deficere

241 576 428 646 potest,
464 575 533 623 vel
565 588 683 621 unus
710 570 917 627 tantum3
953 569 1026 621 vel
1046 568 1229 633 plures,
1254 569 1391 634 pauci
1422 581 1574 617 tamen
1605 583 1775 634 poten·

242 648 386 700 tiores
423 660 436 702 3
478 643 550 691 vel
582 640 776 691 demum
823 651 952 688 totus
987 637 1198 703 populus
1222 671 1235 696 ,
1270 635 1519 702 quaerendo
1556 637 1775 689 videlicet

235 733 334 767 non
356 712 601 762 utilitatem
624 724 895 757 communem
919 740 931 765 ,
959 704 1012 755 ἃ
1033 705 1301 756 felicitatem
1316 743 1328 767 ,
1352 702 1430 753 sed
1452 702 1579 755 suum
1593 708 1774 757 tantum

230 786 475 853 privatum
508 778 810 839 commodum,
842 775 1009 841 triplex
1036 776 1206 841 pariter
1240 773 1383 825 oritur
1415 770 1777 843 Pseudo-politi-

234 871 317 910 ca,
350 847 427 900 seu
455 848 572 898 mala
605 844 858 912 lx’espulica.

343 918 481 967 Recta
500 915 726 981 Politica)
742 912 772 962 fi
785 913 878 963 hoc
898 929 1075 964 nomen
1090 912 1383 981 generaliter
1401 928 1491 978 pro
1501 911 1773 977 Republica,

231 985 311 1038 seu
348 986 516 1036 ordine
541 981 837 1051 gubernandi
873 978 1120 1048 sumatur)
1149 981 1215 1033 est
1247 981 1321 1032 vel
1350 980 1655 1045 Monarchia‚
1694 983 1770 1033 seu

235 1054 548 1121 Principatm,
568 1092 581 1116 ‚
605 1051 651 1102 id
674 1053 765 1102 est:
788 1050 922 1101 unius
947 1051 1225 1118 imperium,
1263 1049 1446 1119 legibus
1478 1086 1491 1112 ,
1527 1064 1606 1100 aut
1632 1054 1772 1101 mori-
1824 1068 1827 1079 ¹

234 1124 323 1175 bus
357 1124 566 1173 delatum
604 1156 617 1181 ,
659 1119 917 1186 susceptum
946 1155 959 1180 2
1007 1120 1283 1189 gestumque
1328 1119 1588 1187 parentium
1627 1119 1771 1170 bono.
1822 1168 1826 1176 ,

232 1195 323 1244 Vel
353 1192 692 1260 Artstocratia,
721 1188 798 1240 seu
837 1188 1104 1255 Optimatus
1129 1230 1141 1251 ‚
1186 1188 1264 1238 ubi
1290 1190 1424 1256 pauci
1453 1228 1464 1252 ,
1493 1190 1616 1255 iique
1637 1225 1649 1249 ,
1689 1190 1770 1255 qui
1823 1215 1825 1218 >

233 1264 310 1313 vel
337 1261 443 1312 sunt
468 1300 479 1324 ‚
506 1261 581 1311 vel
607 1258 696 1308 effe
719 1256 948 1308 deberent
977 1261 1173 1324 optimi,
1208 1256 1267 1306 ad
1296 1259 1538 1307 utilitatem
1564 1256 1770 1309 subdito·

233 1348 340 1382 rum
372 1343 557 1398 regunt.
595 1329 687 1378 Vel
713 1327 910 1376 Politica
929 1324 1007 1377 seu
1034 1324 1302 1392 Respublica
1321 1326 1470 1377 strifi‘te
1496 1324 1675 1392 sumpta
1692 1363 1704 1386 ‚
1721 1327 1770 1378 in
1822 1324 1823 1328 ¹

236 1416 328 1464 qua
355 1413 477 1449 totus
500 1397 702 1465 populus
727 1393 904 1446 summa
918 1412 1026 1445 cum
1054 1394 1280 1460 potestate
1306 1397 1547 1448 communi
1572 1393 1771 1446 consulit
1819 1420 1823 1430 =

228 1468 411 1518 utilitati
436 1508 449 1531 ‚
479 1466 530 1517 ἃ
555 1465 688 1533 regit.
759 1465 837 1516 Ad
863 1464 980 1514 hanc
1006 1464 1194 1514 reducit
1211 1465 1479 1515 Aristoteles
1499 1465 1635 1515 etiam
1667 1465 1766 1514 De-
1818 1470 1822 1476 '

224 1539 525 1600 marotiam,
556 1536 637 1585 ubi
665 1531 918 1584 secundum
951 1533 1306 1598 proportionem
1348 1533 1531 1583 numeri
1560 1531 1771 1598 persona·
1818 1538 1820 1541 ’

229 1624 336 1657 rum
360 1606 592 1657 elevantur
622 1603 761 1670 aliqui
791 1601 845 1650 ad
867 1601 1192 1670 Magistratum
1225 1602 1503 1669 gerendum.
1574 1605 1629 1651 In
1663 1602 1770 1650 Mo·

226 1675 420 1725 narchitz
439 1673 504 1725 est
529 1672 694 1723 unicus
719 1688 865 1735 capax
889 1670 1127 1737 potestatis
1152 1667 1355 1722 summae.
1424 1675 1480 1722 ln
1507 1670 1768 1734 Aristocra-

231 1748 319 1808 tia‚
349 1744 482 1810 pauci
518 1742 684 1792 virtute
709 1777 721 1799 ‚
755 1739 829 1789 vel
864 1739 1104 1788 stemmate
1141 1738 1414 1789 nobiliores.
1486 1743 1543 1789 In
1574 1738 1769 1788 Politica
1815 1730 1832 1780 Ῑ·

230 1814 380 1881 quivis
412 1814 436 1863 ἐ
458 1812 639 1878 populo
667 1826 811 1875 capax
835 1806 900 1856 est
938 1807 1235 1875 Magistratus
1258 1809 1486 1875 gerendi.
1814 1864 1816 1868 ,

329 1880 407 1933 Ab
443 1879 538 1931 hoc
563 1878 659 1930 fine
682 1878 890 1928 utilitatis
911 1876 1106 1944 publicae
1134 1911 1149 1938 ‚
1176 1887 1392 1942 tanquam
1425 1871 1704 1943 Cynosura,
1734 1877 1768 1928 {i
1812 1879 1832 1934 ’ζ

227 1952 383 2003 deviet
412 1949 741 2018 Magistratus,
769 1947 912 1994 oritur
944 1946 1138 1995 Politica
1161 1962 1253 1993 nan
1279 1946 1423 2008 resia,
1449 1963 1587 2011 quam
1608 1944 1766 1994 Philo·
1808 1945 1832 2004 [ι

226 2019 406 2087 sophus
431 2034 570 2070 vocat
611 2013 898 2083 Reipublicae·
923 2014 1246 2084 digreffionem.
1318 2013 1464 2064 Unde
1485 2014 1517 2063 fi
1547 2008 1775 2080 Princeps<
1812 2067 1832 2075 ,-

225 2107 324 2143 non
356 2085 734 2142 communitatis,
757 2082 832 2132 [ed
863 2082 991 2134 ssiam
1017 2084 1197 2133 tantum
1220 2081 1392 2148 spectet
1416 2084 1764 2145 utilitatem,ex'
1806 2081 1832 2141 'f

226 2156 510 2211 Monarchia
525 2157 670 2205 oritur
705 2153 1068 2218 Drannis,quae
1101 2153 1250 2218 palam
1267 2152 1317 2201 in
1337 2151 1568 2201 bonorum
1581 2152 1762 2200 ruinam
1811 2171 1832 2201 π

227 2226 484 2288 incumbit,
525 2222 875 2273 communitatis
912 2220 1180 2271 felicitatem
1213 2220 1367 2279 tollit,
1402 2220 1449 2270 in
1472 2221 1629 2272 vicem
1644 2220 1770 2288 legis.
1830 2224 1832 2231 '

229 2294 354 2345 fitam
392 2294 525 2344 fovet
561 2291 825 2341 libidinem.
917 2290 967 2339 Si
1000 2289 1136 2355 pauci
1181 2287 1240 2338 ad
1269 2303 1496 2338 terrorem
1536 2282 1778 2351 aliorumj

223 2363 323 2416 suas
353 2380 468 2428 opes
505 2359 805 2412 cumulandas
830 2378 841 2409 ε
872 2355 922 2406 δί
945 2355 1201 2407 secundum
1230 2357 1468 2406 arbitrium
1509 2355 1773 2422 proprium'

228 2433 386 2484 omnia
426 2432 631 2501 dirigant
652 2465 665 2490 ,
697 2426 843 2478 oritur
884 2425 1174 2494 Oligarchia.
1244 2429 1317 2476 Ex
1350 2428 1509 2476 ultima
1534 2425 1754 2486 demum,
1815 2482 1817 2491 Α

224 2505 315 2565 qua*
349 2503 635 2565 privatorum
664 2512 928 2563 pauperum
971 2494 1232 2544 commodo
1264 2495 1447 2544 tantum
1474 2491 1756 2551 consulitur,
1814 2543 1816 2556 ⁸

223 2569 277 2621 fit
327 2568 657 2624 Ochlocratia3
706 2583 804 2629 quae
831 2565 1043 2614 omnium
1069 2562 1438 2629 perniciofiffima
1463 2563 1557 2621 est,
1592 2558 1642 2608 ἃ
1682 2558 1757 2608 sae·
1814 2563 1815 2568 ’

228 2639 420 2688 vislima.
492 2638 623 2687 Sicut
660 2634 783 2683 enim
826 2635 1004 2697 optima
1045 2633 1108 2682 est
1144 2631 1379 2683 servorum
1420 2628 1665 2690 conditio,
1725 2626 1774 2677 ἦ·

227 2706 468 2757 moderate
491 2705 729 2761 fraenetur3
753 2702 814 2750 ita
849 2700 1047 2767 asperius
1076 2701 1200 2750 nih-il
1217 2701 1275 2768 est
1290 2700 1476 2760 humili,
1498 2694 1758 2764 cztmfitrgit

224 2777 276 2825 in
301 2777 441 2824 altum
455 2793 471 2830 ;
495 2772 678 2822 &fere
710 2769 778 2820 sui
806 2771 1037 2836 impotens
1060 2768 1234 2829 evadit,
1271 2782 1407 2833 atque
1434 2765 1680 2821 acerrime,
1706 2764 1753 2812 in

227 2842 521 2896 nobilitatem
568 2838 844 2907 cumprimis
872 2876 884 2903 ,
913 2838 1132 2906 grassatur
1162 2872 1175 2898 ,
1207 2836 1319 2886 dum
1351 2834 1561 2899 ¹eandem
1605 2831 1753 2881 elidat.

1101 2931 1108 2936 ·
1589 2904 1671 2951 Vae
