1832 3151
494 100 1076 195 ffi<0>313÷3
1345 125 1466 193 113

23 212 131 269 Nisi
162 208 321 267 omnia
355 206 594 263 dominatu
627 208 710 260 suo
748 209 940 261 Coelutn
976 213 1185 272 ambiat,
1222 214 1359 278 quam
1387 215 1550 278 exiliS,

22 283 81 336 ἃ
98 299 257 334 manca
281 281 367 332 erit
386 276 641 343 Majestas?
680 278 856 329 vilescit
887 282 1120 345 potentia,
1157 294 1258 347 quae
1277 281 1448 336 finibus
1483 303 1552 336 ar·

26 353 171 403 &atur
201 351 394 418 exiguis.
482 346 766 412 Amplitudo
802 347 1019 414 dignitati
1047 348 1098 399 fit
1132 347 1327 415 suppar,
1364 367 1415 402 ut
1457 371 1551 404 ma·

76 423 112 471 1i
146 435 320 471 nomen
340 413 619 482 respondeat
649 416 827 465 merito.
898 417 1082 484 Rideret
1103 418 1229 467 orbis
1259 421 1382 483 paria
1416 421 1550 474 Con.

50 490 176 539 ulum
208 489 336 550 jura,
373 485 426 534 ἃ
447 485 740 551 Principum,
779 483 814 534 fi
846 485 959 535 urbs
984 485 1197 551 qua‘aelibet
1215 487 1263 536 in
1290 487 1361 537 his
1383 488 1551 551 solem,

23 555 75 607 in
108 556 196 605 illis
217 555 374 603 lunam
400 567 702 604 veneraretur.
772 555 988 620 Amplius
1010 552 1073 603 est
1091 586 1107 615 ,
1141 554 1266 619 quod
1290 554 1370 605 fibi
1399 560 1554 625 gloriae

21 622 225 676 stadium
259 608 358 671 aula
380 620 606 689 deposcit.
674 623 950 673 Palation-um
985 622 1187 690 dignitas
1208 657 1221 682 ‚
1257 624 1552 675 consiliorum

26 690 315 756 frequentia,
352 691 511 759 gloriae
551 688 779 755 splendor
813 707 915 740 non
962 693 1098 741 unius
1149 691 1299 757 plebis
1339 692 1554 753 ambitu,

28 758 104 826 qui
152 758 390 825 quondam
428 758 542 808 fines
604 774 732 808 erant
768 757 1065 828 Carthaginis
1096 794 1108 817 ‚
1143 760 1272 829 cingi
1316 759 1550 812 sustinent.

27 826 290 878 Confundit
331 828 437 877 alias
459 864 470 886 ‚
504 825 633 893 quod
665 827 970 887 diffunditur3
1005 826 1136 877 secus
1168 827 1263 878 hoc
1301 830 1349 879 in
1388 843 1555 881 eventu

26 897 110 945 est·
212 894 568 958 Confundetet,
611 895 738 960 quod
774 896 975 946 arcffaret.
1027 895 1162 946 Plebs
1207 897 1387 964 quippe
1443 898 1555 948 aulae

24 961 329 1030 frequentiam
347 996 362 1023 ‚
394 965 506 1014 civis
528 962 848 1013 consulentfim
872 964 1066 1015 duceret
1091 964 1294 1015 censum.
1361 968 1420 1016 Et
1435 984 1554 1030 quae,

25 1035 194 1084 amabo
216 1066 228 1090 ,
266 1033 289 1080 a
312 1031 451 1098 plebe
480 1033 697 1095 Majestas
723 1066 735 1092 ,
770 1044 845 1081 aut
872 1033 1126 1083 reverentia
1161 1036 1182 1083 Ρ
1222 1036 1323 1099 quis
1351 1035 1377 1088 ὲ
1411 1035 1557 1085 civili-

25 1099 111 1150 bus
142 1100 308 1151 animis
330 1103 466 1170 vigor
497 1101 696 1163 mentis,
730 1100 1009 1164 Reipublicae
1042 1099 1164 1152 curis
1200 1101 1369 1171 dignus
1389 1138 1402 1162 ‚
1453 1102 1552 1169 spes

21 1167 229 1218 raudus?
266 1165 470 1217 Fascinat
490 1165 650 1236 fulgor
675 1170 868 1228 oculos,
906 1166 940 1217 fi
961 1171 1142 1220 eminus
1165 1166 1409 1238 specietur.
1442 1172 1552 1222 Mi·

16 1234 110 1285 tius
135 1235 303 1286 tolerat
342 1238 507 1286 oculus
531 1271 543 1294 ,
595 1235 729 1301 quod
771 1239 932 1285 coram
969 1238 1125 1287 rutilat
1210 1240 1287 1289 Sic
1323 1237 1555 1306 spernitur

22 1304 277 1369 Princeps,
312 1306 387 1354 cui
429 1306 536 1354 urbs
571 1323 660 1354 una
690 1303 1026 1369 patrimonium
1064 1320 1214 1356 totum
1257 1308 1336 1358 est.
1414 1310 1557 1358 Nulla

28 1372 155 1423 enim
184 1374 207 1419 a
231 1373 308 1421 tali
338 1371 584 1439 sperandi,
622 1372 820 1423 timendi
844 1369 971 1423 causa
996 1374 1070 1423 vix
1102 1377 1206 1425 ulla.
1264 1376 1406 1443 Spem
1426 1394 1570 1442 opes,

27 1439 81 1490 ἃ
121 1441 335 1506 potentia
366 1439 580 1491 fulciunt.
646 1442 783 1492 Vires
811 1456 990 1492 metum
1030 1443 1303 1505 incutiunt,
1352 1445 1404 1496 ἃ
1437 1445 1561 1495 susti·

26 1522 155 1560 nent.
237 1508 474 1559 Neutrum
504 1507 674 1559 finibus
717 1509 869 1574 potest
893 1511 979 1559 esse
1009 1511 1208 1579 exiguis.
1278 1518 1391 1583 Qtae
1431 1516 1560 1565 enim

27 1595 143 1645 opes
159 1594 271 1647 agro
310 1578 431 1627 uni?
465 1578 590 1629 unde
610 1581 925 1629 emolumenta
943 1579 1045 1638 vitae
1074 1594 1168 1630 tam
1195 1583 1561 1634 cumulata?un-

29 1646 90 1697 de
115 1644 389 1697 bellantium
421 1646 634 1697 robora?
673 1646 778 1696 belli
815 1665 1013 1709 nervus,
1049 1650 1296 1701 aerarium?
1348 1651 1477 1703 Adfit
1508 1670 1564 1702 ae-

0 1744 1 1763 l
29 1716 182 1766 mulus
197 1733 286 1783 pro
308 1714 537 1767 maenibus
563 1715 822 1774 Hannibal,
857 1717 907 1766 in
925 1716 1200 1782 tripalmari‚
1228 1720 1278 1770 fit
1294 1720 1356 1773 fic
1381 1723 1563 1786 loquar,

0 1782 238 1847 ambitu,
274 1782 401 1834 unde
437 1799 522 1835 oro
556 1783 626 1835 vis
653 1781 850 1834 fisteudo
888 1783 1100 1834 turbini?
1135 1788 1366 1854 stipendia
1404 1805 1564 1840 centu-

30 1852 197 1903 riando
238 1851 424 1903 militi?
483 1850 691 1902 delectus
732 1849 1036 1917 praeficiendo
1081 1853 1346 1908 belliduci?
1380 1858 1566 1908 Bellum

30 1937 127 1972 non
154 1919 436 1987 auspicetur,
476 1922 547 1971 eui
579 1918 811 1986 suppetias
838 1936 939 1972 tum
977 1920 1211 1989 virorum,
1249 1939 1347 1977 tum
1374 1927 1470 1977 auri
1500 1927 1567 1976 vi·

31 1991 151 2041 rium
190 2005 339 2054 penus
380 2007 480 2038 non
512 1987 830 2039 subministrat.
895 1989 1127 2040 Victorias
1150 2028 1162 2052 ‚
1205 1991 1256 2043 ἃ
1299 1994 1567 2062 triumphos

33 2074 132 2108 non
159 2058 286 2124 leget
311 2091 324 2117 ‚
359 2054 437 2107 sed
459 2056 641 2117 sibilos,
671 2058 746 2107 cui
770 2059 886 2109 caes‘a
917 2055 1059 2108 semel
1087 2062 1292 2126 potentia
1335 2099 1347 2124 ,
1397 2066 1534 2115 altera
1552 2101 1568 2128 ‚

33 2143 133 2190 quae
160 2124 455 2176 substituatur
482 2161 494 2184 ,
530 2142 629 2176 non
674 2123 886 2192 superest.
971 2126 1191 2181 Ludibrio
1229 2132 1457 2185 habentur
1481 2130 1569 2180 ho·

0 2234 2 2238 ,
34 2194 198 2244 dierno
235 2194 377 2244 Marti
409 2194 576 2253 exilia,
615 2193 882 2245 fomentum
929 2195 1136 2247 militaris
1172 2202 1448 2265 proterviae,
1482 2199 1569 2250 illi·

36 2264 163 2313 cium
197 2261 468 2327 cupiditatis
490 2297 502 2320 ,
537 2276 614 2311 aut
640 2262 926 2330 arrogantiae.
979 2264 1062 2314 Illa
1100 2281 1150 2317 ut
1191 2267 1302 2318 aufit
1326 2304 1338 2328 ,
1377 2268 1476 2319 haec
1515 2279 1572 2319 ut

3 2355 5 2374 =
37 2332 179 2381 etiam
214 2329 340 2377 velit.
410 2331 755 2394 Imperareilla
777 2365 790 2390 ,
823 2330 920 2380 haec
946 2348 1044 2382 non
1071 2334 1162 2385 nisi
1183 2334 1398 2396 eruinis,
1415 2327 1466 2384 ἃ
1483 2335 1572 2386 bu-

2 2411 6 2444 z
37 2399 113 2450 stis
136 2396 218 2447 fibi
246 2396 538 2446 dominatum
583 2398 718 2466 gestit
746 2398 1031 2449 construere.
1131 2405 1328 2465 Terret,
1366 2402 1420 2453 &
1459 2420 1576 2469 pro-

3 2482 7 2511 z
38 2467 189 2517 turbat
223 2464 488 2515 columbam
514 2465 735 2531 accipiter
758 2505 770 2529 ‚
805 2464 1071 2520 scombrum
1111 2469 1277 2522 balena
1302 2508 1316 2533 ,
1362 2476 1575 2524 catulum

43 2536 150 2595 le03
188 2532 249 2583 sic
284 2532 474 2602 grandis
504 2534 572 2584 vis
607 2533 752 2585 Urbis
793 2532 993 2584 modicae
1038 2541 1319 2592 Dominum.
1387 2545 1450 2593 Et
1476 2557 1576 2608 quae

6 2611 9 2624 ¹
41 2601 152 2654 hinc
185 2603 365 2657 civibus
406 2598 648 2662 securitas,
685 2599 796 2652 dum
831 2602 1022 2655 satellitii
1044 2608 1159 2657 ’10οὸ
1191 2624 1385 2674 metus,
1431 2612 1579 2661 mole.

0 2696 1 2699 ¹
39 2670 136 2722 stiae
167 2670 474 2726 incommoda
513 2672 778 2737 Principem
811 2669 1026 2737 stipant?
1062 2675 1188 2726 Cura
1230 2679 1452 2745 cujusque
1483 2678 1577 2745 pri·

46 2744 147 2792 vata
171 2779 185 2804 ‚
232 2738 286 2790 &
332 2742 733 2792 commerciorum
771 2739 890 2790 flore
939 2740 1021 2792 fibi
1061 2746 1239 2796 constat
1274 2746 1584 2814 Respublica,

45 2809 213 2862 evertit
241 2823 436 2877 utraque
462 2809 667 2862 Urbium
692 2809 774 2861 hic
804 2810 1126 2880 Principatus:
1162 2814 1277 2866 dum
1307 2818 1435 2868 enim
1457 2815 1585 2866 nulla

111 2893 208 2932 Phil.
227 2894 367 2932 Morum
383 2896 476 2932 pare
488 2898 539 2934 11.
844 2881 893 2929 H
1428 2880 1521 2932 suis
