1832 3151
540 96 1112 185 ξῦἓῐέῌηὲξὲἐὲ
1390 101 1508 176 165

68 203 196 254 noris
219 203 461 267 patrandi,
483 218 559 253 aut
587 204 746 256 Patriae
779 201 957 253 tuendae
982 206 1111 255 caus'zi
1132 198 1264 251 reddi
1292 200 1515 261 idoneos,
1541 194 1595 249 ὅ(

70 286 167 334 quae
190 269 581 335 furfuris-eisdem
611 270 716 322 sunt
746 288 909 320 vetera.
995 275 1061 321 At
1098 269 1209 319 vero
1241 270 1494 318 retundunt
1521 285 1594 317 ru-

71 338 223 389 ditum
268 340 400 391 istum
454 339 661 391 sexcenta
696 339 1033 389 lestissimarum
1088 337 1315 388 mentium
1355 337 1594 403 exempla,

66 422 170 471 quae
196 405 256 456 fic
290 410 479 472 utraque
507 408 688 459 Pallade
727 410 1017 467 claruerunt,
1044 421 1094 458 ut
1123 405 1431 456 testimonium
1471 403 1598 453 orbis

71 478 261 527 tulerint
280 511 293 534 ,
329 491 476 542 usque
500 476 615 526 adeo
637 476 682 527 se
714 480 863 528 claros
886 475 986 526 orbi
1019 474 1197 525 futuros
1217 491 1456 540 nunquam
1487 468 1597 521 fuis:

71 543 145 602 se,
180 542 271 595 nisi
293 579 304 598 ,
345 560 445 607 quae
480 544 664 595 dextera
696 547 840 595 literis
869 545 1011 610 digna
1047 543 1268 611 gestisset,
1305 542 1488 591 dextera
1527 558 1597 590 ea·

71 611 179 663 dem
201 612 393 676 perenni
428 616 660 664 memoriae
685 612 999 666 consecrasset.
1089 612 1348 662 Convincit
1375 608 1599 677 quotidia-

73 697 135 732 na
154 680 456 746 experientia,
495 684 694 732 multum
734 678 978 741 ruditatis,
1023 680 1250 738 feritatis,
1311 677 1363 727 &
1399 675 1598 728 barbara

73 749 350 799 truculentiae
381 748 436 800 iis
478 750 618 800 inesse
650 751 875 817 gentibus
917 787 929 810 ,
981 767 1173 814 quarum
1215 745 1466 798 Provinciis
1507 746 1599 794 Mi-

72 833 229 868 nervae
260 815 395 867 sacris
420 819 485 867 est
510 819 821 870 interdiEium.
904 819 1030 888 Qu'd
1055 818 1164 868 felix
1194 834 1246 867 ea
1265 818 1308 865 in
1331 813 1601 879 Republica,

75 885 243 939 amabo
269 921 281 944 ,
308 885 416 935 cum
445 887 563 937 stolo
585 889 631 938 in
661 906 867 955 purpura
891 890 1016 955 leges
1046 900 1185 952 rogat
1209 925 1220 948 ,
1257 884 1367 931 dum
1391 882 1601 933 Arcades

75 953 125 1003 311
146 954 341 1005 consiliis
364 987 378 1011 ‚
413 952 464 1005 ἃ
484 956 672 1018 judiciis
699 955 967 1007 sententiam
987 956 1148 1006 dicunt
1168 994 1179 1016 ‚
1216 951 1407 1001 indolati
1434 949 1604 1009 trunci,

76 1019 131 1073 &
152 1022 330 1090 stipites
361 1023 666 1075 moderantur
704 1025 904 1074 omnia?
973 1021 1249 1089 Speciosum
1287 1020 1475 1071 cadaver
1504 1017 1599 1069 fine

75 1092 243 1143 anima.
329 1092 583 1142 Tui-cicum
630 1094 817 1144 testetur
857 1096 1142 1159 imperium,
1190 1092 1318 1152 cuius
1351 1086 1606 1151 sapientia,

76 1156 129 1210 ἃ
161 1161 378 1212 nobilitas
408 1162 559 1211 omnis
586 1178 683 1213 uno
708 1163 758 1211 in
784 1163 962 1230 calybe.
1053 1159 1263 1211 Monstra
1292 1158 1414 1207 dicas
1438 1159 1599 1206 imma·

76 1226 255 1292 nitatis,
301 1247 399 1279 non
420 1229 588 1281 decora
611 1230 895 1281 fui-titudinis
913 1270 925 1292 ,
964 1247 1062 1297 quae
1084 1229 1315 1279 celebrant
1344 1223 1424 1291 ipfi
1457 1226 1600 1273 Amu-

75 1296 250 1359 rathes,
290 1298 589 1350 Mahometes
624 1317 733 1351 cum
764 1301 964 1365 reliquis.
1035 1300 1185 1366 Quam
1227 1294 1369 1361 longe
1410 1291 1494 1342 fibi
1519 1290 1604 1356 ipfi

75 1363 302 1416 diffimilis
337 1368 513 1426 Rama,
545 1385 603 1417 ex
625 1386 716 1434 quo
749 1368 913 1418 artium
945 1368 1168 1416 variarum
1193 1365 1353 1414 studiis
1388 1378 1504 1430 gens
1531 1362 1606 1410 illa

76 1435 247 1501 Magni
286 1433 353 1484 sui
387 1436 613 1502 Principis
645 1439 751 1486 cura
788 1437 1068 1487 excollitur?
1103 1432 1238 1485 Adde
1268 1434 1445 1488 literas,
1497 1427 1605 1478 Rus-

79 1500 186 1554 fiam
217 1503 265 1552 in
293 1504 440 1554 Ruffia
474 1504 752 1569 propediem
785 1503 1077 1553 desiderabis.
1159 1501 1284 1570 Qiid
1313 1499 1433 1550 enim
1461 1496 1606 1547 Musis

76 1571 308 1635 antiquitis
328 1607 340 1630 ,
378 1574 525 1641 quamq
546 1587 597 1622 ut
627 1574 753 1622 cultu
789 1570 954 1622 faciant
980 1568 1289 1621 mansuescere
1322 1581 1515 1636 gentes,
1550 1563 1604 1614 &

77 1638 105 1686 ὲ
126 1639 228 1688 rudi
265 1657 499 1691 marmore
527 1642 804 1693 Memnonis
830 1641 1041 1692 miracula
1074 1651 1303 1692 renovent
1326 1639 1348 1684 ?
1392 1633 1607 1685 Convin-

78 1708 143 1756 cit
171 1708 370 1773 denique
397 1713 592 1775 Europae
609 1709 816 1760 cultioris
842 1723 913 1758 tot
937 1725 1221 1775 regnorum,
1260 1704 1311 1754 ἃ
1336 1703 1605 1768 Principum

0 1788 5 1831 j
79 1791 280 1827 concors
303 1776 551 1837 sententia,
587 1780 676 1842 qua*
703 1779 771 1828 nil
799 1775 1081 1843 Reipublicae
1106 1776 1296 1844 gloriae,
1335 1772 1387 1823 ἃ
1420 1768 1609 1821 utilitati

78 1842 311 1900 duxerunt
335 1847 702 1916 congruentius,
739 1848 882 1911 quam
912 1844 1203 1903 Academiis‚
1238 1840 1289 1890 ἃ
1319 1843 1606 1890 literatorum

79 1912 268 1963 caetibus
295 1931 455 1964 ornare
480 1916 742 1965 Provincias
762 1950 774 1973 ,
803 1913 1010 1964 laborem
1032 1911 1302 1977 improbum
1324 1910 1513 1960 incitare
1534 1907 1610 1956 sti·

78 1981 261 2046 pendiis
280 2020 293 2043 ,
328 1982 550 2035 reditibus
583 1984 735 2034 levare
776 1983 909 2032 taedia
933 2018 946 2041 ‚
988 1979 1039 2030 ἃ
1070 1980 1326 2047 privilegiis
1357 1976 1609 2047 grandibus

78 2048 337 2110 stimulare,
371 2049 568 2101 fundare
587 2086 600 2111 ,
637 2050 689 2100 δί
707 2051 868 2102 dotare
893 2049 1167 2118 Gymnafia:
1208 2051 1260 2097 e‘a
1287 2046 1475 2110 quidem
1498 2060 1608 2094 eon·

80 2118 313 2181 tentione,
350 2115 403 2168 &
437 2119 616 2181 studio,
652 2134 702 2170 ut
726 2120 931 2186 quii-itari
955 2120 1049 2181 jam
1078 2136 1173 2168 non
1211 2116 1349 2168 nullis
1379 2113 1524 2162 visum
1552 2111 1608 2161 sit

80 2183 294 2253 digium,
329 2186 456 2252 quod
472 2187 738 2248 abundent,
774 2189 912 2257 quam
939 2186 1071 2253 quod
1095 2185 1199 2236 ante
1225 2183 1450 2235 caruerint
1464 2177 1610 2233 Athe-

81 2256 206 2304 naeis.
290 2259 577 2371 quamquam
619 2270 863 2311 momento
909 2255 1052 2306 unico
1091 2251 1378 2320 quiritationi
1430 2246 1611 2300 causam

82 2321 290 2382 adimas,
340 2341 355 2372 ι
377 2341 473 2375 non
500 2325 666 2390 copia,
703 2322 783 2375 sed
828 2324 1035 2375 delectus
1061 2359 1073 2382 ,
1113 2339 1252 2388 quem
1282 2321 1329 2371 in
1363 2318 1506 2367 milite
1546 2318 1610 2365 le-

85 2392 247 2458 gendo
288 2407 450 2441 omnes
477 2393 836 2455 commendant,
865 2394 915 2444 in
954 2391 1199 2441 Musarum
1227 2403 1416 2455 quoque
1445 2386 1610 2437 Alum-

83 2459 157 2508 nis
186 2459 384 2524 imperio
411 2460 638 2525 Principis
668 2458 949 2511 observetur.
1021 2459 1192 2525 Neque
1227 2458 1352 2508 enim
1386 2453 1610 2505 omnibus
1675 2502 1676 2505 ,

82 2525 269 2579 ἆοξὶαιῃ
293 2525 449 2577 datum
487 2528 552 2581 est
575 2541 814 2592 penetrare
833 2528 1134 2581 Corinthum.
1217 2524 1343 2593 Q¹³d
1373 2522 1484 2574 vero
1508 2538 1615 2589 pro·

81 2593 205 2647 derit
235 2594 523 2663 Reipublicae
544 2612 762 2648 numerus
785 2596 808 2644 ?
837 2595 998 2664 fruges
1022 2593 1290 2647 consumere
1321 2605 1478 2650 natm,
1513 2606 1614 2640 non

83 2679 258 2729 parare.
349 2664 600 2728 Onerabit,
636 2680 738 2720 non
774 2663 959 2718 ornabit
988 2684 1006 2729 3
1055 2676 1254 2728 evertet,
1292 2675 1370 2713 aut
1408 2656 1615 2710 turbabit

86 2735 280 2804 potius,
312 2735 450 2802 quam
475 2731 684 2789 servabit.

764 2873 815 2926 'L
851 2888 876 2938 3
1375 2865 1549 2937 QJAE„
