<?xml version="1.0" encoding="UTF-8"?>
<!DOCTYPE html PUBLIC "-//W3C//DTD XHTML 1.0 Transitional//EN"
    "http://www.w3.org/TR/xhtml1/DTD/xhtml1-transitional.dtd">
<html xmlns="http://www.w3.org/1999/xhtml" xml:lang="en" lang="en">
 <head>
  <title>
</title>
<meta http-equiv="Content-Type" content="text/html;charset=utf-8" />
  <meta name='ocr-system' content='tesseract 3.04.00' />
  <meta name='ocr-capabilities' content='ocr_page ocr_carea ocr_par ocr_line ocrx_word'/>
</head>
<body>
  <div class='ocr_page' id='page_1' title='image "./ideasapientisthe00vano_0117.png"; bbox 0 0 1832 3151; ppageno 0'>
   <div class='ocr_carea' id='block_1_1' title="bbox 0 5 1488 153">
    <p class='ocr_par' dir='ltr' id='par_1_1' title="bbox 0 5 1488 153">
     <span class='ocr_line' id='line_1_1' title="bbox 0 5 1488 153; baseline -0.007 -8"><span class='ocrx_word' id='word_1_1' title='bbox 0 5 12 153; x_wconf 62' lang='lat'><em>(</em></span> <span class='ocrx_word' id='word_1_2' title='bbox 497 53 1070 144; x_wconf 44' lang='lat' dir='ltr'>asamfflaa</span> <span class='ocrx_word' id='word_1_3' title='bbox 1377 71 1488 135; x_wconf 51' lang='grc' dir='ltr'>ωε</span> 
     </span>
    </p>
   </div>
   <div class='ocr_carea' id='block_1_2' title="bbox 0 157 1587 845">
    <p class='ocr_par' dir='ltr' id='par_1_2' title="bbox 0 157 1587 845">
     <span class='ocr_line' id='line_1_2' title="bbox 0 157 1582 230; baseline -0.003 -14"><span class='ocrx_word' id='word_1_4' title='bbox 0 177 3 230; x_wconf 70' lang='grc' dir='ltr'>ξ</span> <span class='ocrx_word' id='word_1_5' title='bbox 50 161 325 223; x_wconf 84' lang='lat' dir='ltr'>roboratur,</span> <span class='ocrx_word' id='word_1_6' title='bbox 350 176 402 211; x_wconf 89' lang='lat' dir='ltr'>ut</span> <span class='ocrx_word' id='word_1_7' title='bbox 437 161 700 211; x_wconf 84' lang='lat' dir='ltr'>Mercurius</span> <span class='ocrx_word' id='word_1_8' title='bbox 721 158 837 208; x_wconf 80' lang='lat' dir='ltr'>fixus</span> <span class='ocrx_word' id='word_1_9' title='bbox 863 159 928 210; x_wconf 84' lang='lat' dir='ltr'>fit.</span> <span class='ocrx_word' id='word_1_10' title='bbox 1015 164 1076 210; x_wconf 92' lang='lat' dir='ltr'>Et</span> <span class='ocrx_word' id='word_1_11' title='bbox 1102 157 1213 209; x_wconf 66' lang='lat' dir='ltr'>tum&#39;</span> <span class='ocrx_word' id='word_1_12' title='bbox 1233 161 1456 225; x_wconf 76' lang='lat' dir='ltr'>quantum</span> <span class='ocrx_word' id='word_1_13' title='bbox 1486 179 1582 212; x_wconf 78' lang='lat' dir='ltr'>crc-</span> 
     </span>
     <span class='ocr_line' id='line_1_3' title="bbox 0 227 1580 294; baseline -0.004 -9"><span class='ocrx_word' id='word_1_14' title='bbox 0 251 5 286; x_wconf 68' lang='lat' dir='ltr'><strong>f</strong></span> <span class='ocrx_word' id='word_1_15' title='bbox 50 235 120 283; x_wconf 88' lang='lat' dir='ltr'>dis</span> <span class='ocrx_word' id='word_1_16' title='bbox 156 229 383 280; x_wconf 83' lang='lat' dir='ltr'>beneficio</span> <span class='ocrx_word' id='word_1_17' title='bbox 418 228 530 278; x_wconf 89' lang='lat' dir='ltr'>huic</span> <span class='ocrx_word' id='word_1_18' title='bbox 549 227 871 290; x_wconf 85' lang='lat' dir='ltr'>tribuendum,</span> <span class='ocrx_word' id='word_1_19' title='bbox 898 228 1028 294; x_wconf 89' lang='lat' dir='ltr'>quod</span> <span class='ocrx_word' id='word_1_20' title='bbox 1048 227 1226 277; x_wconf 85' lang='lat' dir='ltr'><strong>mobile</strong></span> <span class='ocrx_word' id='word_1_21' title='bbox 1251 229 1365 278; x_wconf 90' lang='lat' dir='ltr'>illud</span> <span class='ocrx_word' id='word_1_22' title='bbox 1394 228 1580 279; x_wconf 81' lang='lat' dir='ltr'>fixerit?</span> 
     </span>
     <span class='ocr_line' id='line_1_4' title="bbox 0 294 1580 362; baseline -0.002 -11"><span class='ocrx_word' id='word_1_23' title='bbox 0 332 1 341; x_wconf 31' lang='grc' dir='ltr'><strong>κ</strong></span> <span class='ocrx_word' id='word_1_24' title='bbox 53 305 208 351; x_wconf 85' lang='lat' dir='ltr'>Omne</span> <span class='ocrx_word' id='word_1_25' title='bbox 240 299 434 359; x_wconf 85' lang='lat' dir='ltr'>vitium,</span> <span class='ocrx_word' id='word_1_26' title='bbox 481 295 587 361; x_wconf 85' lang='lat' dir='ltr'>quia</span> <span class='ocrx_word' id='word_1_27' title='bbox 622 297 670 345; x_wconf 90' lang='lat' dir='ltr'>in</span> <span class='ocrx_word' id='word_1_28' title='bbox 708 295 903 362; x_wconf 86' lang='lat' dir='ltr'>homine</span> <span class='ocrx_word' id='word_1_29' title='bbox 945 296 1032 358; x_wconf 91' lang='lat' dir='ltr'>est,</span> <span class='ocrx_word' id='word_1_30' title='bbox 1072 294 1213 346; x_wconf 85' lang='lat' dir='ltr'>finem</span> <span class='ocrx_word' id='word_1_31' title='bbox 1246 312 1298 345; x_wconf 91' lang='lat' dir='ltr'>ac</span> <span class='ocrx_word' id='word_1_32' title='bbox 1331 299 1580 348; x_wconf 87' lang='lat' dir='ltr'>terminum</span> 
     </span>
     <span class='ocr_line' id='line_1_5' title="bbox 0 364 1582 437; baseline -0.001 -19"><span class='ocrx_word' id='word_1_33' title='bbox 0 393 1 407; x_wconf 46' lang='grc' dir='ltr'>ι</span> <span class='ocrx_word' id='word_1_34' title='bbox 50 370 234 437; x_wconf 86' lang='lat' dir='ltr'>patitur.</span> <span class='ocrx_word' id='word_1_35' title='bbox 303 364 611 415; x_wconf 83' lang='lat' dir='ltr'>Inconstantia</span> <span class='ocrx_word' id='word_1_36' title='bbox 644 381 862 430; x_wconf 89' lang='lat' dir='ltr'>quoque,</span> <span class='ocrx_word' id='word_1_37' title='bbox 897 365 1009 414; x_wconf 79' lang='lat' dir='ltr'>dum</span> <span class='ocrx_word' id='word_1_38' title='bbox 1031 364 1211 413; x_wconf 85' lang='lat' dir='ltr'>ratione</span> <span class='ocrx_word' id='word_1_39' title='bbox 1235 365 1363 414; x_wconf 89' lang='lat' dir='ltr'>omni</span> <span class='ocrx_word' id='word_1_40' title='bbox 1387 383 1489 415; x_wconf 90' lang='lat' dir='ltr'>non</span> <span class='ocrx_word' id='word_1_41' title='bbox 1509 385 1582 417; x_wconf 80' lang='lat' dir='ltr'>ca-</span> 
     </span>
     <span class='ocr_line' id='line_1_6' title="bbox 8 431 1587 500; baseline 0.001 -19"><span class='ocrx_word' id='word_1_42' title='bbox 8 455 9 459; x_wconf 50' lang='lat'><em>*</em></span> <span class='ocrx_word' id='word_1_43' title='bbox 50 451 169 498; x_wconf 76' lang='lat' dir='ltr'>reat,</span> <span class='ocrx_word' id='word_1_44' title='bbox 202 434 276 500; x_wconf 86' lang='lat' dir='ltr'>qui</span> <span class='ocrx_word' id='word_1_45' title='bbox 307 432 480 483; x_wconf 88' lang='lat' dir='ltr'>amicus</span> <span class='ocrx_word' id='word_1_46' title='bbox 511 431 603 492; x_wconf 88' lang='lat' dir='ltr'>est,</span> <span class='ocrx_word' id='word_1_47' title='bbox 635 433 748 482; x_wconf 83' lang='lat' dir='ltr'>elidi</span> <span class='ocrx_word' id='word_1_48' title='bbox 772 434 961 499; x_wconf 87' lang='lat' dir='ltr'>poterit.</span> <span class='ocrx_word' id='word_1_49' title='bbox 1041 435 1102 483; x_wconf 88' lang='lat' dir='ltr'>Et</span> <span class='ocrx_word' id='word_1_50' title='bbox 1128 431 1256 483; x_wconf 70' lang='lat' dir='ltr'>tant&amp;</span> <span class='ocrx_word' id='word_1_51' title='bbox 1284 431 1496 482; x_wconf 85' lang='lat' dir='ltr'><strong>feliciore</strong></span> <span class='ocrx_word' id='word_1_52' title='bbox 1533 451 1587 483; x_wconf 87' lang='lat' dir='ltr'>e·</span> 
     </span>
     <span class='ocr_line' id='line_1_7' title="bbox 51 500 1582 566; baseline -0.003 -10"><span class='ocrx_word' id='word_1_53' title='bbox 51 519 186 556; x_wconf 83' lang='lat' dir='ltr'>ventu</span> <span class='ocrx_word' id='word_1_54' title='bbox 203 537 216 561; x_wconf 90' lang='lat'>,</span> <span class='ocrx_word' id='word_1_55' title='bbox 248 501 419 566; x_wconf 75' lang='lat' dir='ltr'>quanto</span> <span class='ocrx_word' id='word_1_56' title='bbox 455 501 608 551; x_wconf 87' lang='lat' dir='ltr'>acrior</span> <span class='ocrx_word' id='word_1_57' title='bbox 634 501 697 550; x_wconf 90' lang='lat' dir='ltr'>est</span> <span class='ocrx_word' id='word_1_58' title='bbox 724 500 1063 553; x_wconf 82' lang='lat' dir='ltr'>beneficiorum</span> <span class='ocrx_word' id='word_1_59' title='bbox 1089 502 1155 551; x_wconf 86' lang='lat' dir='ltr'>vis</span> <span class='ocrx_word' id='word_1_60' title='bbox 1169 519 1183 559; x_wconf 81' lang='lat'>3</span> <span class='ocrx_word' id='word_1_61' title='bbox 1214 500 1342 550; x_wconf 77' lang='lat' dir='ltr'>tanto</span> <span class='ocrx_word' id='word_1_62' title='bbox 1367 504 1455 551; x_wconf 70' lang='lat' dir='ltr'>una</span> <span class='ocrx_word' id='word_1_63' title='bbox 1479 501 1582 552; x_wconf 86' lang='lat' dir='ltr'>dul·</span> 
     </span>
     <span class='ocr_line' id='line_1_8' title="bbox 48 568 1582 636; baseline -0.001 -14"><span class='ocrx_word' id='word_1_64' title='bbox 48 576 171 623; x_wconf 80' lang='lat' dir='ltr'>ciere</span> <span class='ocrx_word' id='word_1_65' title='bbox 199 568 391 619; x_wconf 74' lang='lat' dir='ltr'>conatus</span> <span class='ocrx_word' id='word_1_66' title='bbox 415 568 588 628; x_wconf 67' lang='lat' dir='ltr'>fructu,</span> <span class='ocrx_word' id='word_1_67' title='bbox 620 570 712 634; x_wconf 76' lang='lat' dir='ltr'>qub</span> <span class='ocrx_word' id='word_1_68' title='bbox 746 570 946 636; x_wconf 71' lang='lat' dir='ltr'>amplius</span> <span class='ocrx_word' id='word_1_69' title='bbox 982 569 1180 619; x_wconf 66' lang='lat' dir='ltr'>delectat</span> <span class='ocrx_word' id='word_1_70' title='bbox 1212 583 1491 627; x_wconf 84' lang='lat' dir='ltr'>conantem,</span> <span class='ocrx_word' id='word_1_71' title='bbox 1512 572 1582 620; x_wconf 89' lang='lat' dir='ltr'>in-</span> 
     </span>
     <span class='ocr_line' id='line_1_9' title="bbox 5 635 1581 703; baseline -0.003 -12"><span class='ocrx_word' id='word_1_72' title='bbox 5 685 7 691; x_wconf 37' lang='lat'>.</span> <span class='ocrx_word' id='word_1_73' title='bbox 47 654 180 703; x_wconf 70' lang='lat' dir='ltr'>certa</span> <span class='ocrx_word' id='word_1_74' title='bbox 198 655 298 703; x_wconf 84' lang='lat' dir='ltr'>quae</span> <span class='ocrx_word' id='word_1_75' title='bbox 320 638 524 703; x_wconf 83' lang='lat' dir='ltr'>optavit,</span> <span class='ocrx_word' id='word_1_76' title='bbox 562 655 653 702; x_wconf 77' lang='lat' dir='ltr'>prae</span> <span class='ocrx_word' id='word_1_77' title='bbox 672 638 805 688; x_wconf 83' lang='lat' dir='ltr'>certis</span> <span class='ocrx_word' id='word_1_78' title='bbox 830 638 915 688; x_wconf 85' lang='lat' dir='ltr'>fibi</span> <span class='ocrx_word' id='word_1_79' title='bbox 944 636 1212 703; x_wconf 75' lang='lat' dir='ltr'>decerpsisse</span> <span class='ocrx_word' id='word_1_80' title='bbox 1223 676 1235 699; x_wconf 90' lang='lat'>‚</span> <span class='ocrx_word' id='word_1_81' title='bbox 1267 635 1320 686; x_wconf 85' lang='lat'>&amp;</span> <span class='ocrx_word' id='word_1_82' title='bbox 1346 635 1581 688; x_wconf 82' lang='lat' dir='ltr'>stabilivis-</span> 
     </span>
     <span class='ocr_line' id='line_1_10' title="bbox 41 704 1577 769; baseline -0.001 -11"><span class='ocrx_word' id='word_1_83' title='bbox 41 706 102 760; x_wconf 86' lang='lat' dir='ltr'>se.</span> <span class='ocrx_word' id='word_1_84' title='bbox 168 706 405 756; x_wconf 82' lang='lat' dir='ltr'>Sexcentae</span> <span class='ocrx_word' id='word_1_85' title='bbox 426 706 472 754; x_wconf 90' lang='lat' dir='ltr'>in</span> <span class='ocrx_word' id='word_1_86' title='bbox 503 705 720 756; x_wconf 86' lang='lat' dir='ltr'>inimicos</span> <span class='ocrx_word' id='word_1_87' title='bbox 745 714 819 756; x_wconf 88' lang='lat' dir='ltr'>me</span> <span class='ocrx_word' id='word_1_88' title='bbox 850 706 1025 757; x_wconf 84' lang='lat' dir='ltr'>arbitro</span> <span class='ocrx_word' id='word_1_89' title='bbox 1052 705 1084 756; x_wconf 85' lang='lat' dir='ltr'><strong>fi</strong></span> <span class='ocrx_word' id='word_1_90' title='bbox 1113 704 1355 763; x_wconf 82' lang='lat' dir='ltr'>conferas3</span> <span class='ocrx_word' id='word_1_91' title='bbox 1396 707 1577 769; x_wconf 81' lang='lat' dir='ltr'>amico,</span> 
     </span>
     <span class='ocr_line' id='line_1_11' title="bbox 41 774 1580 845; baseline -0.002 -19"><span class='ocrx_word' id='word_1_92' title='bbox 41 776 334 845; x_wconf 80' lang='lat' dir='ltr'>quantumvis</span> <span class='ocrx_word' id='word_1_93' title='bbox 365 774 669 839; x_wconf 87' lang='lat' dir='ltr'>inconstanti,</span> <span class='ocrx_word' id='word_1_94' title='bbox 695 776 882 826; x_wconf 89' lang='lat' dir='ltr'>unicum</span> <span class='ocrx_word' id='word_1_95' title='bbox 916 776 1138 827; x_wconf 88' lang='lat' dir='ltr'>collatum</span> <span class='ocrx_word' id='word_1_96' title='bbox 1171 775 1376 840; x_wconf 87' lang='lat' dir='ltr'>palmam</span> <span class='ocrx_word' id='word_1_97' title='bbox 1401 775 1580 842; x_wconf 79' lang='lat' dir='ltr'>eripiet.</span> 
     </span>
    </p>
   </div>
   <div class='ocr_carea' id='block_1_3' title="bbox 365 912 1292 976">
    <p class='ocr_par' dir='ltr' id='par_1_3' title="bbox 365 912 1292 976">
     <span class='ocr_line' id='line_1_12' title="bbox 365 912 1292 976; baseline 0.001 -4"><span class='ocrx_word' id='word_1_98' title='bbox 365 912 718 973; x_wconf 78' lang='lat' dir='ltr'>INlMlco</span> <span class='ocrx_word' id='word_1_99' title='bbox 767 913 1292 976; x_wconf 73' lang='lat' dir='ltr'>CONSTAN‘rx.</span> 
     </span>
    </p>
   </div>
   <div class='ocr_carea' id='block_1_4' title="bbox 0 1055 1582 2893">
    <p class='ocr_par' dir='ltr' id='par_1_4' title="bbox 0 1055 1582 2893">
     <span class='ocr_line' id='line_1_13' title="bbox 0 1055 1582 1168; baseline 0.002 -61"><span class='ocrx_word' id='word_1_100' title='bbox 0 1058 13 1126; x_wconf 56' lang='grc' dir='ltr'>,ᾗ</span> <span class='ocrx_word' id='word_1_101' title='bbox 40 1055 182 1168; x_wconf 85' lang='lat' dir='ltr'>RE</span> <span class='ocrx_word' id='word_1_102' title='bbox 212 1055 337 1106; x_wconf 69' lang='lat' dir='ltr'>nulla</span> <span class='ocrx_word' id='word_1_103' title='bbox 374 1057 539 1107; x_wconf 87' lang='lat' dir='ltr'>certius</span> <span class='ocrx_word' id='word_1_104' title='bbox 581 1055 751 1106; x_wconf 82' lang='lat' dir='ltr'>luditur</span> <span class='ocrx_word' id='word_1_105' title='bbox 789 1057 1027 1120; x_wconf 86' lang='lat' dir='ltr'>mundus,</span> <span class='ocrx_word' id='word_1_106' title='bbox 1059 1061 1199 1125; x_wconf 70' lang='lat' dir='ltr'>quam</span> <span class='ocrx_word' id='word_1_107' title='bbox 1233 1057 1362 1124; x_wconf 74' lang='lat' dir='ltr'>quod</span> <span class='ocrx_word' id='word_1_108' title='bbox 1400 1057 1582 1126; x_wconf 78' lang='lat' dir='ltr'>semper</span> 
     </span>
     <span class='ocr_line' id='line_1_14' title="bbox 0 1121 1580 1194; baseline 0.003 -22"><span class='ocrx_word' id='word_1_109' title='bbox 0 1129 12 1186; x_wconf 56' lang='lat' dir='ltr'>{i</span> <span class='ocrx_word' id='word_1_110' title='bbox 179 1124 338 1175; x_wconf 79' lang='lat' dir='ltr'>deludi</span> <span class='ocrx_word' id='word_1_111' title='bbox 366 1122 412 1173; x_wconf 92' lang='lat' dir='ltr'>se</span> <span class='ocrx_word' id='word_1_112' title='bbox 442 1121 630 1187; x_wconf 79' lang='lat' dir='ltr'>sentiat,</span> <span class='ocrx_word' id='word_1_113' title='bbox 660 1122 714 1173; x_wconf 73' lang='grc' dir='ltr'>δί</span> <span class='ocrx_word' id='word_1_114' title='bbox 744 1123 844 1191; x_wconf 85' lang='lat' dir='ltr'>ipse</span> <span class='ocrx_word' id='word_1_115' title='bbox 872 1127 1086 1194; x_wconf 85' lang='lat' dir='ltr'>gaudeat.</span> <span class='ocrx_word' id='word_1_116' title='bbox 1175 1126 1310 1193; x_wconf 81' lang='lat' dir='ltr'>Quali</span> <span class='ocrx_word' id='word_1_117' title='bbox 1342 1128 1450 1177; x_wconf 75' lang='lat' dir='ltr'>vero</span> <span class='ocrx_word' id='word_1_118' title='bbox 1482 1130 1580 1194; x_wconf 86' lang='lat' dir='ltr'>pla-</span> 
     </span>
     <span class='ocr_line' id='line_1_15' title="bbox 39 1191 1580 1263; baseline 0.002 -19.926"><span class='ocrx_word' id='word_1_119' title='bbox 39 1209 164 1245; x_wconf 78' lang='lat' dir='ltr'>ceret</span> <span class='ocrx_word' id='word_1_120' title='bbox 189 1193 387 1242; x_wconf 79' lang='lat' dir='ltr'>fabulam</span> <span class='ocrx_word' id='word_1_121' title='bbox 418 1191 531 1242; x_wconf 84' lang='lat' dir='ltr'>fieri.</span> <span class='ocrx_word' id='word_1_122' title='bbox 602 1193 874 1244; x_wconf 84' lang='lat' dir='ltr'>Amicorum</span> <span class='ocrx_word' id='word_1_123' title='bbox 906 1197 1066 1263; x_wconf 83' lang='lat' dir='ltr'>gratiis</span> <span class='ocrx_word' id='word_1_124' title='bbox 1084 1193 1232 1244; x_wconf 84' lang='lat' dir='ltr'>finum</span> <span class='ocrx_word' id='word_1_125' title='bbox 1259 1210 1463 1257; x_wconf 82' lang='lat' dir='ltr'>onerant,</span> <span class='ocrx_word' id='word_1_126' title='bbox 1482 1208 1580 1246; x_wconf 87' lang='lat' dir='ltr'>tan·</span> 
     </span>
     <span class='ocr_line' id='line_1_16' title="bbox 0 1260 1578 1331; baseline 0 -19"><span class='ocrx_word' id='word_1_127' title='bbox 0 1282 7 1307; x_wconf 84' lang='lat'>:-</span> <span class='ocrx_word' id='word_1_128' title='bbox 39 1280 179 1331; x_wconf 88' lang='lat' dir='ltr'>quam</span> <span class='ocrx_word' id='word_1_129' title='bbox 216 1261 246 1310; x_wconf 82' lang='lat' dir='ltr'>fi</span> <span class='ocrx_word' id='word_1_130' title='bbox 276 1261 426 1310; x_wconf 83' lang='lat' dir='ltr'><strong>ancile</strong></span> <span class='ocrx_word' id='word_1_131' title='bbox 464 1264 670 1311; x_wconf 85' lang='lat' dir='ltr'>Deorum</span> <span class='ocrx_word' id='word_1_132' title='bbox 689 1260 863 1311; x_wconf 84' lang='lat' dir='ltr'>ibidem</span> <span class='ocrx_word' id='word_1_133' title='bbox 886 1262 1262 1324; x_wconf 85' lang='lat' dir='ltr'>conclufiun,ve1</span> <span class='ocrx_word' id='word_1_134' title='bbox 1285 1264 1578 1314; x_wconf 68' lang='lat' dir='ltr'>adamantina</span> 
     </span>
     <span class='ocr_line' id='line_1_17' title="bbox 0 1327 1582 1400; baseline -0.001 -18"><span class='ocrx_word' id='word_1_135' title='bbox 0 1356 2 1374; x_wconf 70' lang='grc' dir='ltr'>ι</span> <span class='ocrx_word' id='word_1_136' title='bbox 38 1334 144 1400; x_wconf 79' lang='lat' dir='ltr'>lege</span> <span class='ocrx_word' id='word_1_137' title='bbox 181 1327 355 1379; x_wconf 72' lang='lat' dir='ltr'>sancita</span> <span class='ocrx_word' id='word_1_138' title='bbox 379 1329 536 1380; x_wconf 89' lang='lat' dir='ltr'>forent</span> <span class='ocrx_word' id='word_1_139' title='bbox 560 1330 771 1379; x_wconf 66' lang='lat' dir='ltr'>amicitiae</span> <span class='ocrx_word' id='word_1_140' title='bbox 794 1330 970 1382; x_wconf 78' lang='lat' dir='ltr'>faedera.</span> <span class='ocrx_word' id='word_1_141' title='bbox 1051 1333 1311 1399; x_wconf 83' lang='lat' dir='ltr'>Nunquam</span> <span class='ocrx_word' id='word_1_142' title='bbox 1332 1332 1489 1382; x_wconf 77' lang='lat' dir='ltr'>minus</span> <span class='ocrx_word' id='word_1_143' title='bbox 1509 1349 1582 1381; x_wconf 91' lang='lat' dir='ltr'>er·</span> 
     </span>
     <span class='ocr_line' id='line_1_18' title="bbox 0 1396 1581 1466; baseline -0.001 -15"><span class='ocrx_word' id='word_1_144' title='bbox 0 1420 3 1461; x_wconf 69' lang='grc' dir='ltr'><strong><em>ς</em></strong></span> <span class='ocrx_word' id='word_1_145' title='bbox 36 1415 180 1462; x_wconf 83' lang='lat' dir='ltr'>tatur,</span> <span class='ocrx_word' id='word_1_146' title='bbox 209 1401 345 1464; x_wconf 68' lang='lat' dir='ltr'>quam</span> <span class='ocrx_word' id='word_1_147' title='bbox 383 1398 519 1462; x_wconf 84' lang='lat' dir='ltr'>dum,</span> <span class='ocrx_word' id='word_1_148' title='bbox 545 1400 603 1448; x_wconf 81' lang='grc' dir='ltr'>ιιέ</span> <span class='ocrx_word' id='word_1_149' title='bbox 629 1396 781 1450; x_wconf 86' lang='lat' dir='ltr'>fraudi</span> <span class='ocrx_word' id='word_1_150' title='bbox 811 1397 862 1447; x_wconf 85' lang='lat' dir='ltr'>sit</span> <span class='ocrx_word' id='word_1_151' title='bbox 891 1401 1054 1461; x_wconf 87' lang='lat' dir='ltr'>locus,</span> <span class='ocrx_word' id='word_1_152' title='bbox 1092 1417 1185 1462; x_wconf 84' lang='lat' dir='ltr'>nos</span> <span class='ocrx_word' id='word_1_153' title='bbox 1217 1397 1347 1466; x_wconf 86' lang='lat' dir='ltr'>ipsos</span> <span class='ocrx_word' id='word_1_154' title='bbox 1376 1398 1581 1450; x_wconf 81' lang='lat' dir='ltr'>fallimus</span> 
     </span>
     <span class='ocr_line' id='line_1_19' title="bbox 0 1467 1582 1534; baseline -0.003 -15"><span class='ocrx_word' id='word_1_155' title='bbox 0 1489 11 1519; x_wconf 58' lang='grc' dir='ltr'>ι·</span> <span class='ocrx_word' id='word_1_156' title='bbox 38 1467 132 1519; x_wconf 85' lang='lat' dir='ltr'>fide</span> <span class='ocrx_word' id='word_1_157' title='bbox 164 1471 336 1521; x_wconf 64' lang='lat' dir='ltr'>nostra.</span> <span class='ocrx_word' id='word_1_158' title='bbox 418 1467 708 1518; x_wconf 77' lang='lat' dir='ltr'>Arundiuem</span> <span class='ocrx_word' id='word_1_159' title='bbox 738 1467 1028 1532; x_wconf 81' lang='lat' dir='ltr'>experimur,</span> <span class='ocrx_word' id='word_1_160' title='bbox 1063 1485 1201 1534; x_wconf 87' lang='lat' dir='ltr'>quam</span> <span class='ocrx_word' id='word_1_161' title='bbox 1234 1484 1397 1533; x_wconf 86' lang='lat' dir='ltr'>rupem</span> <span class='ocrx_word' id='word_1_162' title='bbox 1434 1467 1582 1516; x_wconf 88' lang='lat' dir='ltr'>credi-</span> 
     </span>
     <span class='ocr_line' id='line_1_20' title="bbox 0 1533 1581 1603; baseline -0.001 -15"><span class='ocrx_word' id='word_1_163' title='bbox 0 1582 10 1592; x_wconf 89' lang='grc'>,.</span> <span class='ocrx_word' id='word_1_164' title='bbox 39 1537 218 1597; x_wconf 86' lang='lat' dir='ltr'>dimus,</span> <span class='ocrx_word' id='word_1_165' title='bbox 244 1538 319 1587; x_wconf 80' lang='lat' dir='ltr'>vix</span> <span class='ocrx_word' id='word_1_166' title='bbox 352 1537 563 1587; x_wconf 76' lang='lat' dir='ltr'>amicitiae</span> <span class='ocrx_word' id='word_1_167' title='bbox 601 1533 683 1585; x_wconf 87' lang='lat' dir='ltr'>filo</span> <span class='ocrx_word' id='word_1_168' title='bbox 710 1537 821 1594; x_wconf 88' lang='lat' dir='ltr'>tuti,</span> <span class='ocrx_word' id='word_1_169' title='bbox 869 1538 947 1603; x_wconf 90' lang='lat' dir='ltr'>qui</span> <span class='ocrx_word' id='word_1_170' title='bbox 993 1551 1202 1587; x_wconf 89' lang='lat' dir='ltr'>catenato</span> <span class='ocrx_word' id='word_1_171' title='bbox 1231 1537 1405 1585; x_wconf 90' lang='lat' dir='ltr'>robore</span> <span class='ocrx_word' id='word_1_172' title='bbox 1436 1534 1581 1586; x_wconf 84' lang='lat' dir='ltr'>nobis</span> 
     </span>
     <span class='ocr_line' id='line_1_21' title="bbox 0 1596 1571 1667; baseline -0.001 -12"><span class='ocrx_word' id='word_1_173' title='bbox 0 1596 3 1618; x_wconf 74' lang='lat'>&#39;</span> <span class='ocrx_word' id='word_1_174' title='bbox 40 1604 234 1656; x_wconf 84' lang='lat' dir='ltr'>blanditi</span> <span class='ocrx_word' id='word_1_175' title='bbox 272 1603 449 1658; x_wconf 82' lang='lat' dir='ltr'>sumus.</span> <span class='ocrx_word' id='word_1_176' title='bbox 518 1603 658 1657; x_wconf 77' lang='lat' dir='ltr'>Adeo</span> <span class='ocrx_word' id='word_1_177' title='bbox 691 1605 834 1653; x_wconf 83' lang='lat' dir='ltr'>vitrea</span> <span class='ocrx_word' id='word_1_178' title='bbox 863 1605 928 1655; x_wconf 91' lang='lat' dir='ltr'>est</span> <span class='ocrx_word' id='word_1_179' title='bbox 959 1604 1057 1655; x_wconf 88' lang='lat' dir='ltr'>sors</span> <span class='ocrx_word' id='word_1_180' title='bbox 1092 1604 1354 1667; x_wconf 71' lang='lat' dir='ltr'>amantum,</span> <span class='ocrx_word' id='word_1_181' title='bbox 1384 1604 1492 1653; x_wconf 83' lang='lat' dir='ltr'>aleae</span> <span class='ocrx_word' id='word_1_182' title='bbox 1520 1603 1571 1653; x_wconf 84' lang='lat' dir='ltr'>in</span> 
     </span>
     <span class='ocr_line' id='line_1_22' title="bbox 0 1670 1580 1739; baseline -0.003 -15"><span class='ocrx_word' id='word_1_183' title='bbox 0 1678 11 1739; x_wconf 59' lang='lat' dir='ltr'>J·</span> <span class='ocrx_word' id='word_1_184' title='bbox 39 1691 220 1732; x_wconf 84' lang='lat' dir='ltr'>morem</span> <span class='ocrx_word' id='word_1_185' title='bbox 249 1673 296 1724; x_wconf 75' lang='lat' dir='ltr'>{e</span> <span class='ocrx_word' id='word_1_186' title='bbox 323 1676 514 1726; x_wconf 67' lang='lat' dir='ltr'>affectus</span> <span class='ocrx_word' id='word_1_187' title='bbox 539 1686 867 1739; x_wconf 81' lang='lat' dir='ltr'>contorquent.</span> <span class='ocrx_word' id='word_1_188' title='bbox 957 1673 1155 1724; x_wconf 87' lang='lat' dir='ltr'>Luditur</span> <span class='ocrx_word' id='word_1_189' title='bbox 1191 1673 1263 1723; x_wconf 90' lang='lat' dir='ltr'>his</span> <span class='ocrx_word' id='word_1_190' title='bbox 1288 1670 1381 1722; x_wconf 84' lang='lat' dir='ltr'>sem</span> <span class='ocrx_word' id='word_1_191' title='bbox 1422 1687 1498 1730; x_wconf 88' lang='lat' dir='ltr'>er,</span> <span class='ocrx_word' id='word_1_192' title='bbox 1528 1685 1580 1721; x_wconf 90' lang='lat' dir='ltr'>ut</span> 
     </span>
     <span class='ocr_line' id='line_1_23' title="bbox 0 1692 1581 1815; baseline -0.006 -20"><span class='ocrx_word' id='word_1_193' title='bbox 0 1793 2 1815; x_wconf 36' lang='lat' dir='ltr'><strong><em>s</em></strong></span> <span class='ocrx_word' id='word_1_194' title='bbox 37 1742 237 1795; x_wconf 70' lang='lat' dir='ltr'>illusioni</span> <span class='ocrx_word' id='word_1_195' title='bbox 271 1761 505 1809; x_wconf 85' lang='lat' dir='ltr'>nunquam</span> <span class='ocrx_word' id='word_1_196' title='bbox 532 1760 628 1793; x_wconf 90' lang='lat' dir='ltr'>non</span> <span class='ocrx_word' id='word_1_197' title='bbox 660 1743 794 1792; x_wconf 90' lang='lat' dir='ltr'>locus</span> <span class='ocrx_word' id='word_1_198' title='bbox 826 1742 877 1790; x_wconf 83' lang='lat' dir='ltr'>fit</span> <span class='ocrx_word' id='word_1_199' title='bbox 895 1776 907 1799; x_wconf 85' lang='lat'>,</span> <span class='ocrx_word' id='word_1_200' title='bbox 934 1739 1011 1793; x_wconf 87' lang='lat' dir='ltr'>scu</span> <span class='ocrx_word' id='word_1_201' title='bbox 1039 1740 1317 1791; x_wconf 73' lang='lat' dir='ltr'>credulitatis</span> <span class='ocrx_word' id='word_1_202' title='bbox 1342 1776 1354 1800; x_wconf 91' lang='lat'>,</span> <span class='ocrx_word' id='word_1_203' title='bbox 1380 1692 1457 1789; x_wconf 55' lang='lat' dir='ltr'>Fen</span> <span class='ocrx_word' id='word_1_204' title='bbox 1481 1738 1581 1787; x_wconf 86' lang='lat' dir='ltr'>for-</span> 
     </span>
     <span class='ocr_line' id='line_1_24' title="bbox 0 1807 1578 1879; baseline -0.003 -17"><span class='ocrx_word' id='word_1_205' title='bbox 0 1816 13 1879; x_wconf 39' lang='grc' dir='ltr'>ιξ</span> <span class='ocrx_word' id='word_1_206' title='bbox 35 1824 155 1862; x_wconf 81' lang='lat' dir='ltr'>tunae</span> <span class='ocrx_word' id='word_1_207' title='bbox 193 1829 394 1861; x_wconf 86' lang='lat' dir='ltr'>munere.</span> <span class='ocrx_word' id='word_1_208' title='bbox 469 1814 597 1865; x_wconf 79' lang='lat' dir='ltr'>Cave</span> <span class='ocrx_word' id='word_1_209' title='bbox 624 1810 893 1868; x_wconf 81' lang='lat' dir='ltr'>malaciam,</span> <span class='ocrx_word' id='word_1_210' title='bbox 921 1809 1188 1876; x_wconf 86' lang='lat' dir='ltr'>Typhones</span> <span class='ocrx_word' id='word_1_211' title='bbox 1212 1811 1365 1860; x_wconf 85' lang='lat' dir='ltr'>latent.</span> <span class='ocrx_word' id='word_1_212' title='bbox 1436 1807 1578 1857; x_wconf 87' lang='lat' dir='ltr'>Nun-</span> 
     </span>
     <span class='ocr_line' id='line_1_25' title="bbox 0 1876 1571 1946; baseline -0.004 -17"><span class='ocrx_word' id='word_1_213' title='bbox 0 1896 2 1914; x_wconf 73' lang='lat'><em>*</em></span> <span class='ocrx_word' id='word_1_214' title='bbox 37 1897 175 1946; x_wconf 88' lang='lat' dir='ltr'>quam</span> <span class='ocrx_word' id='word_1_215' title='bbox 212 1881 361 1928; x_wconf 76' lang='lat' dir='ltr'>minus</span> <span class='ocrx_word' id='word_1_216' title='bbox 388 1880 572 1932; x_wconf 88' lang='lat' dir='ltr'>securus</span> <span class='ocrx_word' id='word_1_217' title='bbox 594 1877 811 1943; x_wconf 82' lang='lat' dir='ltr'>procedit</span> <span class='ocrx_word' id='word_1_218' title='bbox 834 1878 1014 1939; x_wconf 83' lang='lat' dir='ltr'>navita,</span> <span class='ocrx_word' id='word_1_219' title='bbox 1044 1881 1185 1944; x_wconf 76' lang='lat' dir='ltr'>quam</span> <span class='ocrx_word' id='word_1_220' title='bbox 1213 1877 1328 1926; x_wconf 89' lang='lat' dir='ltr'>dum</span> <span class='ocrx_word' id='word_1_221' title='bbox 1347 1876 1571 1942; x_wconf 85' lang='lat' dir='ltr'>tranquil-</span> 
     </span>
     <span class='ocr_line' id='line_1_26' title="bbox 0 1945 1581 2023; baseline -0.003 -25"><span class='ocrx_word' id='word_1_222' title='bbox 0 1953 3 2023; x_wconf 56' lang='grc' dir='ltr'>ᾗ</span> <span class='ocrx_word' id='word_1_223' title='bbox 38 1951 86 1998; x_wconf 85' lang='grc'>10</span> <span class='ocrx_word' id='word_1_224' title='bbox 122 1947 235 1996; x_wconf 87' lang='lat' dir='ltr'>mari</span> <span class='ocrx_word' id='word_1_225' title='bbox 273 1951 457 2014; x_wconf 86' lang='lat' dir='ltr'>Alcyon</span> <span class='ocrx_word' id='word_1_226' title='bbox 493 1949 745 1998; x_wconf 81' lang='lat' dir='ltr'>deliciatur.</span> <span class='ocrx_word' id='word_1_227' title='bbox 819 1947 895 1996; x_wconf 85' lang='lat' dir='ltr'>Tu</span> <span class='ocrx_word' id='word_1_228' title='bbox 928 1964 1032 1997; x_wconf 91' lang='lat' dir='ltr'>cum</span> <span class='ocrx_word' id='word_1_229' title='bbox 1060 1947 1270 1997; x_wconf 80' lang='lat' dir='ltr'>institore</span> <span class='ocrx_word' id='word_1_230' title='bbox 1300 1945 1441 1996; x_wconf 87' lang='lat' dir='ltr'>divite</span> <span class='ocrx_word' id='word_1_231' title='bbox 1457 1958 1504 1993; x_wconf 75' lang='lat' dir='ltr'>te</span> <span class='ocrx_word' id='word_1_232' title='bbox 1529 1957 1581 1993; x_wconf 88' lang='lat' dir='ltr'>ut</span> 
     </span>
     <span class='ocr_line' id='line_1_27' title="bbox 0 2012 1580 2082; baseline -0.001 -20"><span class='ocrx_word' id='word_1_233' title='bbox 0 2028 2 2062; x_wconf 79' lang='grc' dir='ltr'><em>ξ</em></span> <span class='ocrx_word' id='word_1_234' title='bbox 45 2016 276 2074; x_wconf 85' lang='lat' dir='ltr'>redimas,</span> <span class='ocrx_word' id='word_1_235' title='bbox 317 2028 392 2065; x_wconf 91' lang='lat' dir='ltr'>tua</span> <span class='ocrx_word' id='word_1_236' title='bbox 422 2016 588 2065; x_wconf 87' lang='lat' dir='ltr'>furenti</span> <span class='ocrx_word' id='word_1_237' title='bbox 617 2015 754 2065; x_wconf 90' lang='lat' dir='ltr'>crede</span> <span class='ocrx_word' id='word_1_238' title='bbox 784 2031 989 2063; x_wconf 78' lang='lat' dir='ltr'>munera.</span> <span class='ocrx_word' id='word_1_239' title='bbox 1087 2013 1332 2082; x_wconf 80' lang='lat' dir='ltr'>Quidquid</span> <span class='ocrx_word' id='word_1_240' title='bbox 1362 2012 1548 2062; x_wconf 80' lang='lat' dir='ltr'>dederis</span> <span class='ocrx_word' id='word_1_241' title='bbox 1567 2047 1580 2071; x_wconf 83' lang='lat'>,</span> 
     </span>
     <span class='ocr_line' id='line_1_28' title="bbox 0 2073 1577 2142; baseline -0.003 -10"><span class='ocrx_word' id='word_1_242' title='bbox 0 2073 2 2092; x_wconf 53' lang='lat'><em>¹</em></span> <span class='ocrx_word' id='word_1_243' title='bbox 37 2083 182 2134; x_wconf 77' lang='lat' dir='ltr'>faenus</span> <span class='ocrx_word' id='word_1_244' title='bbox 209 2083 300 2140; x_wconf 90' lang='lat' dir='ltr'>est,</span> <span class='ocrx_word' id='word_1_245' title='bbox 335 2101 431 2134; x_wconf 89' lang='lat' dir='ltr'>non</span> <span class='ocrx_word' id='word_1_246' title='bbox 466 2084 830 2142; x_wconf 77' lang='lat' dir='ltr'>detrimentum3</span> <span class='ocrx_word' id='word_1_247' title='bbox 865 2083 1134 2133; x_wconf 86' lang='lat' dir='ltr'>conciliatus</span> <span class='ocrx_word' id='word_1_248' title='bbox 1159 2083 1349 2131; x_wconf 79' lang='lat' dir='ltr'>aemulus</span> <span class='ocrx_word' id='word_1_249' title='bbox 1373 2078 1424 2129; x_wconf 84' lang='lat'>&amp;</span> <span class='ocrx_word' id='word_1_250' title='bbox 1445 2095 1577 2129; x_wconf 88' lang='lat' dir='ltr'>amo-</span> 
     </span>
     <span class='ocr_line' id='line_1_29' title="bbox 38 2147 1577 2221; baseline -0.004 -18"><span class='ocrx_word' id='word_1_251' title='bbox 38 2168 112 2203; x_wconf 85' lang='lat' dir='ltr'>res</span> <span class='ocrx_word' id='word_1_252' title='bbox 131 2151 342 2220; x_wconf 86' lang='lat' dir='ltr'>augebit,</span> <span class='ocrx_word' id='word_1_253' title='bbox 372 2150 424 2201; x_wconf 83' lang='lat'>&amp;</span> <span class='ocrx_word' id='word_1_254' title='bbox 443 2150 736 2221; x_wconf 80' lang='lat' dir='ltr'>gratitudinis</span> <span class='ocrx_word' id='word_1_255' title='bbox 762 2167 964 2217; x_wconf 84' lang='lat' dir='ltr'>munera.</span> <span class='ocrx_word' id='word_1_256' title='bbox 1030 2150 1254 2202; x_wconf 84' lang='lat' dir='ltr'>Inimicus</span> <span class='ocrx_word' id='word_1_257' title='bbox 1282 2150 1378 2199; x_wconf 84' lang='lat' dir='ltr'>est?</span> <span class='ocrx_word' id='word_1_258' title='bbox 1411 2147 1441 2196; x_wconf 79' lang='lat' dir='ltr'>fi</span> <span class='ocrx_word' id='word_1_259' title='bbox 1468 2164 1577 2197; x_wconf 91' lang='lat' dir='ltr'>con·</span> 
     </span>
     <span class='ocr_line' id='line_1_30' title="bbox 0 2214 1576 2283; baseline -0.006 -12"><span class='ocrx_word' id='word_1_260' title='bbox 0 2223 1 2228; x_wconf 71' lang='grc'>’</span> <span class='ocrx_word' id='word_1_261' title='bbox 42 2221 176 2271; x_wconf 87' lang='lat' dir='ltr'>stanti</span> <span class='ocrx_word' id='word_1_262' title='bbox 213 2219 329 2269; x_wconf 85' lang='lat' dir='ltr'>furat</span> <span class='ocrx_word' id='word_1_263' title='bbox 364 2220 574 2283; x_wconf 88' lang='lat' dir='ltr'>fremitu,</span> <span class='ocrx_word' id='word_1_264' title='bbox 606 2217 904 2270; x_wconf 87' lang='lat' dir='ltr'>hebetabitur</span> <span class='ocrx_word' id='word_1_265' title='bbox 933 2236 1143 2269; x_wconf 87' lang='lat' dir='ltr'>munere.</span> <span class='ocrx_word' id='word_1_266' title='bbox 1229 2220 1414 2268; x_wconf 83' lang='lat' dir='ltr'>Placant</span> <span class='ocrx_word' id='word_1_267' title='bbox 1443 2214 1539 2264; x_wconf 73' lang='lat' dir='ltr'>fere</span> <span class='ocrx_word' id='word_1_268' title='bbox 1563 2251 1576 2274; x_wconf 88' lang='lat'>,</span> 
     </span>
     <span class='ocr_line' id='line_1_31' title="bbox 42 2281 1577 2357; baseline -0.004 -18"><span class='ocrx_word' id='word_1_269' title='bbox 42 2287 94 2339; x_wconf 76' lang='grc' dir='ltr'>δί</span> <span class='ocrx_word' id='word_1_270' title='bbox 125 2293 257 2339; x_wconf 90' lang='lat' dir='ltr'>Deos</span> <span class='ocrx_word' id='word_1_271' title='bbox 289 2290 458 2350; x_wconf 83' lang='lat' dir='ltr'>iratos,</span> <span class='ocrx_word' id='word_1_272' title='bbox 485 2290 592 2357; x_wconf 87' lang='lat' dir='ltr'>quia</span> <span class='ocrx_word' id='word_1_273' title='bbox 618 2290 803 2353; x_wconf 85' lang='lat' dir='ltr'>placent</span> <span class='ocrx_word' id='word_1_274' title='bbox 837 2287 1013 2349; x_wconf 82' lang='lat' dir='ltr'>officia,</span> <span class='ocrx_word' id='word_1_275' title='bbox 1036 2286 1277 2353; x_wconf 85' lang='lat' dir='ltr'>obsequia,</span> <span class='ocrx_word' id='word_1_276' title='bbox 1312 2286 1467 2342; x_wconf 86' lang='lat' dir='ltr'>dona·,</span> <span class='ocrx_word' id='word_1_277' title='bbox 1509 2281 1577 2333; x_wconf 82' lang='lat' dir='ltr'>fin</span> 
     </span>
     <span class='ocr_line' id='line_1_32' title="bbox 0 2350 1577 2427; baseline -0.007 -18"><span class='ocrx_word' id='word_1_278' title='bbox 0 2358 7 2390; x_wconf 48' lang='lat'>&#39;¹</span> <span class='ocrx_word' id='word_1_279' title='bbox 41 2356 328 2423; x_wconf 81' lang='lat' dir='ltr'>asperitatem</span> <span class='ocrx_word' id='word_1_280' title='bbox 370 2374 565 2427; x_wconf 83' lang='lat' dir='ltr'>augeat,</span> <span class='ocrx_word' id='word_1_281' title='bbox 623 2356 810 2418; x_wconf 71' lang='lat' dir='ltr'>facilior</span> <span class='ocrx_word' id='word_1_282' title='bbox 833 2355 922 2404; x_wconf 84' lang='lat' dir='ltr'>tibi</span> <span class='ocrx_word' id='word_1_283' title='bbox 952 2370 1133 2406; x_wconf 88' lang='lat' dir='ltr'>certum</span> <span class='ocrx_word' id='word_1_284' title='bbox 1175 2355 1362 2405; x_wconf 88' lang='lat' dir='ltr'>hostem</span> <span class='ocrx_word' id='word_1_285' title='bbox 1401 2350 1577 2404; x_wconf 84' lang='lat' dir='ltr'>vitandi</span> 
     </span>
     <span class='ocr_line' id='line_1_33' title="bbox 39 2419 1571 2493; baseline -0.005 -18"><span class='ocrx_word' id='word_1_286' title='bbox 39 2428 158 2483; x_wconf 78' lang='lat' dir='ltr'>alea,</span> <span class='ocrx_word' id='word_1_287' title='bbox 196 2427 329 2488; x_wconf 70' lang='lat' dir='ltr'>quam</span> <span class='ocrx_word' id='word_1_288' title='bbox 357 2426 598 2478; x_wconf 89' lang='lat' dir='ltr'>incertum.</span> <span class='ocrx_word' id='word_1_289' title='bbox 692 2421 922 2474; x_wconf 85' lang='lat' dir='ltr'>Crescunt</span> <span class='ocrx_word' id='word_1_290' title='bbox 952 2425 1083 2493; x_wconf 84' lang='lat' dir='ltr'>ignes</span> <span class='ocrx_word' id='word_1_291' title='bbox 1120 2423 1372 2479; x_wconf 87' lang='lat' dir='ltr'>fomentis,</span> <span class='ocrx_word' id='word_1_292' title='bbox 1415 2419 1571 2468; x_wconf 86' lang='lat' dir='ltr'>decre-</span> 
     </span>
     <span class='ocr_line' id='line_1_34' title="bbox 0 2485 1574 2563; baseline -0.004 -20"><span class='ocrx_word' id='word_1_293' title='bbox 0 2495 2 2562; x_wconf 41' lang='lat'><em>‡</em></span> <span class='ocrx_word' id='word_1_294' title='bbox 41 2492 127 2544; x_wconf 90' lang='lat' dir='ltr'>scit</span> <span class='ocrx_word' id='word_1_295' title='bbox 152 2494 310 2563; x_wconf 83' lang='lat' dir='ltr'>gratiis</span> <span class='ocrx_word' id='word_1_296' title='bbox 339 2495 485 2544; x_wconf 87' lang='lat' dir='ltr'>furor.</span> <span class='ocrx_word' id='word_1_297' title='bbox 574 2497 797 2544; x_wconf 79' lang='lat' dir='ltr'>Patronus</span> <span class='ocrx_word' id='word_1_298' title='bbox 833 2506 1076 2542; x_wconf 78' lang='lat' dir='ltr'>momento</span> <span class='ocrx_word' id='word_1_299' title='bbox 1110 2491 1187 2551; x_wconf 80' lang='lat' dir='ltr'>fit,</span> <span class='ocrx_word' id='word_1_300' title='bbox 1221 2489 1273 2540; x_wconf 83' lang='lat'>&amp;</span> <span class='ocrx_word' id='word_1_301' title='bbox 1314 2485 1538 2540; x_wconf 71' lang='lat' dir='ltr'>defensor</span> <span class='ocrx_word' id='word_1_302' title='bbox 1561 2526 1574 2549; x_wconf 79' lang='lat'>,</span> 
     </span>
     <span class='ocr_line' id='line_1_35' title="bbox 43 2557 1574 2628; baseline -0.006 -15"><span class='ocrx_word' id='word_1_303' title='bbox 43 2565 119 2628; x_wconf 91' lang='lat' dir='ltr'>qui</span> <span class='ocrx_word' id='word_1_304' title='bbox 148 2580 298 2626; x_wconf 89' lang='lat' dir='ltr'>nuper</span> <span class='ocrx_word' id='word_1_305' title='bbox 327 2578 421 2611; x_wconf 87' lang='lat' dir='ltr'>erat</span> <span class='ocrx_word' id='word_1_306' title='bbox 442 2562 683 2618; x_wconf 49' lang='lat' dir='ltr'>Vatinium</span> <span class='ocrx_word' id='word_1_307' title='bbox 715 2574 790 2610; x_wconf 87' lang='lat' dir='ltr'>aut</span> <span class='ocrx_word' id='word_1_308' title='bbox 817 2578 1033 2617; x_wconf 85' lang='lat' dir='ltr'>munere,</span> <span class='ocrx_word' id='word_1_309' title='bbox 1067 2573 1145 2609; x_wconf 85' lang='lat' dir='ltr'>aut</span> <span class='ocrx_word' id='word_1_310' title='bbox 1173 2557 1328 2608; x_wconf 82' lang='lat' dir='ltr'>officio</span> <span class='ocrx_word' id='word_1_311' title='bbox 1349 2573 1574 2621; x_wconf 81' lang='lat' dir='ltr'>exequen-</span> 
     </span>
     <span class='ocr_line' id='line_1_36' title="bbox 0 2626 1573 2696; baseline -0.006 -16"><span class='ocrx_word' id='word_1_312' title='bbox 0 2628 2 2696; x_wconf 35' lang='grc' dir='ltr'><em>ᾗ</em></span> <span class='ocrx_word' id='word_1_313' title='bbox 46 2642 118 2689; x_wconf 88' lang='lat' dir='ltr'>te,</span> <span class='ocrx_word' id='word_1_314' title='bbox 142 2631 268 2695; x_wconf 87' lang='lat' dir='ltr'>quod</span> <span class='ocrx_word' id='word_1_315' title='bbox 307 2631 451 2691; x_wconf 84' lang='lat' dir='ltr'>ratio,</span> <span class='ocrx_word' id='word_1_316' title='bbox 491 2632 561 2680; x_wconf 91' lang='lat' dir='ltr'>vel</span> <span class='ocrx_word' id='word_1_317' title='bbox 600 2627 694 2695; x_wconf 84' lang='lat' dir='ltr'>ipse</span> <span class='ocrx_word' id='word_1_318' title='bbox 721 2629 947 2678; x_wconf 72' lang='lat' dir='ltr'>Graeciam</span> <span class='ocrx_word' id='word_1_319' title='bbox 971 2627 1220 2679; x_wconf 83' lang='lat' dir='ltr'>fulminans</span> <span class='ocrx_word' id='word_1_320' title='bbox 1248 2627 1445 2676; x_wconf 85' lang='lat' dir='ltr'>Pericles</span> <span class='ocrx_word' id='word_1_321' title='bbox 1478 2626 1573 2673; x_wconf 87' lang='lat' dir='ltr'>elo-</span> 
     </span>
     <span class='ocr_line' id='line_1_37' title="bbox 0 2692 1575 2765; baseline -0.006 -16"><span class='ocrx_word' id='word_1_322' title='bbox 0 2697 2 2707; x_wconf 72' lang='grc'><strong><em>’</em></strong></span> <span class='ocrx_word' id='word_1_323' title='bbox 44 2699 227 2765; x_wconf 64' lang='lat' dir='ltr'>quentia</span> <span class='ocrx_word' id='word_1_324' title='bbox 253 2715 351 2748; x_wconf 90' lang='lat' dir='ltr'>non</span> <span class='ocrx_word' id='word_1_325' title='bbox 385 2698 619 2749; x_wconf 77' lang='lat' dir='ltr'>effecisset.</span> <span class='ocrx_word' id='word_1_326' title='bbox 690 2698 839 2747; x_wconf 87' lang='lat' dir='ltr'>Pudet</span> <span class='ocrx_word' id='word_1_327' title='bbox 871 2695 1076 2762; x_wconf 75' lang='lat' dir='ltr'>ingratos</span> <span class='ocrx_word' id='word_1_328' title='bbox 1117 2695 1206 2744; x_wconf 72' lang='lat' dir='ltr'>esse</span> <span class='ocrx_word' id='word_1_329' title='bbox 1228 2731 1239 2753; x_wconf 89' lang='lat'>,</span> <span class='ocrx_word' id='word_1_330' title='bbox 1271 2692 1321 2743; x_wconf 85' lang='lat'>&amp;</span> <span class='ocrx_word' id='word_1_331' title='bbox 1356 2709 1476 2759; x_wconf 81' lang='lat' dir='ltr'>quos</span> <span class='ocrx_word' id='word_1_332' title='bbox 1508 2692 1575 2741; x_wconf 90' lang='lat' dir='ltr'>fu-</span> 
     </span>
     <span class='ocr_line' id='line_1_38' title="bbox 0 2761 1570 2834; baseline -0.007 -16"><span class='ocrx_word' id='word_1_333' title='bbox 0 2818 2 2828; x_wconf 33' lang='lat'><strong>:</strong></span> <span class='ocrx_word' id='word_1_334' title='bbox 40 2785 116 2818; x_wconf 82' lang='lat' dir='ltr'>ror</span> <span class='ocrx_word' id='word_1_335' title='bbox 153 2767 254 2818; x_wconf 72' lang='lat' dir='ltr'>ante</span> <span class='ocrx_word' id='word_1_336' title='bbox 286 2768 557 2819; x_wconf 58' lang='lat' dir='ltr'>constrictos</span> <span class='ocrx_word' id='word_1_337' title='bbox 587 2766 789 2828; x_wconf 85' lang='lat' dir='ltr'>domuit,</span> <span class='ocrx_word' id='word_1_338' title='bbox 821 2763 852 2815; x_wconf 87' lang='lat' dir='ltr'>fi</span> <span class='ocrx_word' id='word_1_339' title='bbox 881 2764 1137 2834; x_wconf 83' lang='lat' dir='ltr'>triumphet</span> <span class='ocrx_word' id='word_1_340' title='bbox 1165 2778 1322 2825; x_wconf 82' lang='lat' dir='ltr'>amor,</span> <span class='ocrx_word' id='word_1_341' title='bbox 1374 2761 1570 2826; x_wconf 80' lang='lat' dir='ltr'>amplius</span> 
     </span>
     <span class='ocr_line' id='line_1_39' title="bbox 0 2838 1507 2893; baseline -0.004 -10"><span class='ocrx_word' id='word_1_342' title='bbox 0 2847 1 2850; x_wconf 76' lang='grc'>’</span> <span class='ocrx_word' id='word_1_343' title='bbox 718 2838 763 2885; x_wconf 88' lang='lat' dir='ltr'>G</span> <span class='ocrx_word' id='word_1_344' title='bbox 802 2849 834 2893; x_wconf 83' lang='lat'>4</span> <span class='ocrx_word' id='word_1_345' title='bbox 1414 2843 1507 2879; x_wconf 79' lang='lat' dir='ltr'>tro-</span> 
     </span>
    </p>
   </div>
  </div>
 </body>
</html>
