1832 3151
551 30 697 173 {il}
740 91 776 174 (
813 108 860 152 -0
905 91 936 167 >
984 80 1122 173 534&ss
1444 100 1514 160 23

69 195 230 246 Tertia
255 193 517 262 Judicialis.
589 192 692 243 Alia
726 191 790 242 est
818 190 1128 242 Ecclesiastica
1153 187 1229 239 seu
1265 186 1533 245 Canonica,
1572 182 1598 231 a

66 263 252 332 legibus
275 263 352 313 seu
382 260 671 313 canonibus.
757 261 858 311 Alia
888 260 1078 323 Civilis,
1118 256 1398 309 authoritate
1424 253 1599 304 Princi-

67 334 142 398 pis
168 334 238 384 vel
265 331 562 398 Magistratus
588 328 719 379 facia.
791 333 906 380 Haec
934 328 1088 380 rursus
1112 327 1196 377 alia
1218 326 1311 386 est,
1348 325 1433 387 ju5
1451 320 1597 384 pabli-

65 418 163 451 cum
178 441 191 464 ,
226 402 379 467 plnres
408 412 570 468 gentes
593 398 806 466 obligans
827 416 867 449 v.
885 416 932 468 g.
954 395 1221 465 imperialis.
1289 393 1391 441 Alia
1408 392 1469 440 est
1494 390 1601 454 pri·

68 486 247 531 vatum,
287 468 337 517 ὅ(
361 470 662 533 municipale,
698 467 830 533 quod
858 483 1007 535 regno
1037 467 1109 517 vel
1142 461 1389 513 Provinciae
1418 458 1597 508 tantum

66 537 147 587 uni
171 536 402 586 statutum.
484 538 662 585 Harum
702 549 896 602 utraque
915 533 1096 600 scripta
1128 531 1191 582 cst
1222 530 1306 580 alia
1340 565 1352 587 ,
1389 532 1476 575 alia
1511 539 1602 573 non

52 604 260 670 firipta,
286 603 458 656 scilicet
483 621 566 670 per
594 603 895 656 traditionem
926 601 1078 653 (bium
1106 602 1165 651 ad
1194 598 1404 665 posteros
1427 593 1599 656 exusti,

66 671 120 723 &
153 670 489 724 consuetudine
517 673 751 723 devoluta.
820 674 997 721 Harum
1030 670 1236 738 quamvis
1272 666 1481 733 obligare
1515 661 1602 710 du·

64 740 198 791 bium
231 758 330 793 non
352 742 442 801 est,
472 742 581 791 cum
606 745 746 791 omnis
759 741 957 807 potestas
982 739 1009 788 ὰ
1037 740 1140 788 Deo
1168 736 1221 786 {it
1256 735 1365 784 teste
1391 730 1602 794 Scriptu-

63 812 146 868 ra,
179 807 232 858 &
265 813 339 877 qui
370 810 582 877 potestati
618 809 806 876 reststit‚
841 809 939 858 Dei
972 807 1057 871 (id
1090 808 1155 857 est
1188 805 1347 870 primae
1386 798 1601 867 regulae)

64 878 352 928 ordinationi
371 878 551 944 rcfistit.
621 877 780 945 Qualis
816 877 1019 928 verolex
1055 871 1145 926 esic
1173 871 1374 923 debeat?
1405 866 1602 934 quando

63 947 228 1014 rogari
252 948 424 1011 poffit?
458 947 573 1012 quid
612 947 672 996 de
705 945 1053 1012 acceptatione,
1090 938 1509 1010 abrogationibus‚
1545 936 1607 984 ir·

65 1015 363 1067 ritationibus
394 1012 721 1066 sentiendum?
760 1015 902 1079 Jura,
927 1011 978 1061 δὲ
1006 1008 1254 1078 ΤΙιεοῐοςζί
1293 1006 1536 1075 vestigent.

173 1084 372 1151 Quaestio
406 1083 603 1148 duplex,
630 1099 687 1131 an
722 1079 895 1131 scilicet
926 1081 1021 1132 dari
1050 1069 1465 1147 poffiffpeccatum
1495 1070 1604 1122 Phi·

63 1149 396 1218 Iosophicum?
420 1148 472 1201 &
493 1169 550 1201 an
574 1150 672 1200 dari
701 1149 877 1215 possint
900 1151 1025 1200 acius
1055 1148 1366 1198 indifferentes
1381 1182 1393 1206 ,
1423 1141 1496 1191 sen
1518 1156 1606 1189 nec

68 1221 212 1278 boni,
245 1237 330 1270 nec
356 1220 500 1269 mali?
536 1220 561 1268 a
589 1218 858 1286 Theologis
903 1217 1007 1268 fuse
1043 1216 1309 1267 deducitur.
1399 1213 1514 1260 Haec
1546 1207 1606 1258 ad

67 1304 315 1355 utramque
352 1287 553 1339 breviter
591 1287 747 1338 habe:
782 1292 1022 1337 Peccatum
1060 1282 1476 1349 Philosophicum,
1524 1275 1607 1326 seu

65 1358 214 1407 aicium
245 1372 409 1407 contra
446 1355 588 1405 solam
608 1372 819 1406 naturam
850 1357 1152 1412 rationalem,
1185 1354 1234 1401 id
1257 1351 1348 1408 est,
1373 1349 1605 1398 dictamen

62 1424 253 1477 rationis
281 1425 578 1475 commissum
599 1425 655 1475 ab
680 1425 872 1475 homine
901 1425 1093 1473 DEUM
1120 1418 1451 1473 invincibiliter
1474 1416 1612 1481 igno·

62 1508 194 1546 rante
232 1494 330 1560 (ex
359 1492 609 1561 hypothefi
638 1493 767 1559 quod
803 1492 1050 1543 modicum
1080 1489 1136 1539 ad
1167 1505 1356 1555 tempus
1380 1483 1483 1535 talis
1522 1483 1610 1532 ho⁴

63 1580 147 1614 mo
191 1561 288 1612 dari
319 1564 487 1628 poffit)
517 1562 668 1614 ethice
707 1562 806 1611 dari
842 1560 973 1625 posse
1015 1569 1326 1629 propugnant
1373 1552 1604 1605 nonnulli.

64 1632 202 1681 Ratio
230 1632 426 1682 illorum
451 1632 602 1698 prima
628 1629 720 1692 est,
753 1630 861 1696 quia
889 1647 973 1695 per
1003 1628 1302 1681 Aristotelem
1341 1622 1400 1673 ad
1436 1619 1611 1670 forma-

66 1701 112 1751 le
146 1714 391 1766 peccatum
435 1699 555 1751 nihil
585 1702 688 1765 plus
733 1700 982 1763 requiritur
1013 1737 1025 1759 ‚
1065 1699 1207 1761 quam
1249 1694 1303 1743 tit
1331 1690 1503 1742 malum
1535 1688 1614 1736 ali·

64 1768 198 1836 quod
225 1769 400 1819 morale
429 1786 487 1820 ex
512 1768 696 1819 ratione
729 1767 922 1817 naturali
954 1766 1166 1832 eligatur.
1274 1761 1352 1811 Sic
1386 1758 1512 1808 enim
1544 1757 1608 1807 ait

71 1856 112 1902 5.
133 1836 293 1888 Ethic.
330 1853 370 1887 c.
386 1854 429 1898 9.
458 1837 518 1887 de
547 1837 764 1900 injustitia
791 1874 802 1897 ‚
852 1835 1029 1902 quando
1065 1835 1165 1899 quis
1205 1848 1263 1879 ex
1293 1829 1501 1878 eleflione
1527 1826 1601 1873 lae·

65 1906 165 1968 dit,
203 1921 310 1953 tunc
343 1906 404 1969 est
428 1908 634 1955 malitia.
705 1907 766 1955 Et
798 1904 844 1953 S.
866 1903 1084 1953 Thomas
1110 1920 1156 1967 q.
1178 1916 1254 1961 71.
1290 1899 1315 1947 a
1338 1892 1610 1959 Theologis

67 1971 380 2025 consideratur
406 1988 651 2038 peccatum
688 1972 952 2037 praecipue,
977 1970 1238 2021 secundum
1269 1964 1403 2033 quod
1435 1961 1501 2013 est
1541 1960 1615 2010 of·

70 2039 198 2092 tensa
234 2056 341 2107 erga
367 2043 595 2099 DEUM3
633 2042 657 2090 ὲ
690 2037 981 2105 philosopho
1013 2052 1169 2090 autem
1209 2036 1410 2090 morali,
1456 2029 1618 2080 secun·

69 2110 186 2160 dum
214 2106 341 2175 quod
366 2110 669 2169 contrariatur
700 2108 886 2158 rationi.
990 2109 1123 2157 Ratio
1159 2104 1271 2156 2da:
1315 2100 1414 2153 dari
1455 2096 1617 2164 porest

67 2178 254 2229 bonum
272 2175 660 2231 formale'morale
681 2173 1082 2243 Philosophiam,
1101 2173 1151 2225 ἃ
1172 2175 1282 2235 hoc,
1303 2171 1410 2237 quia
1430 2165 1617 2217 discon-

67 2247 196 2298 venit
228 2263 334 2297 cum
377 2264 491 2314 pura
525 2261 685 2298 natura
704 2282 718 2308 ‚
758 2243 1109 2311 praescindendo
1142 2242 1199 2293 ab
1236 2241 1325 2290 ulla
1354 2240 1465 2305 lege
1498 2233 1628 2286 obli·

72 2328 240 2385 gante,
277 2330 330 2363 ve
384 2315 558 2367 etiamsi
589 2315 689 2366 haec
725 2332 826 2366 non
859 2312 1059 2365 daretur.
1144 2310 1240 2361 Alii
1269 2307 1380 2357 vero
1423 2315 1617 2371 negant.

71 2384 146 2436 Εὸ
180 2381 313 2450 quod
339 2401 439 2434 non
466 2384 606 2451 possit
640 2383 736 2433 dari
766 2395 1011 2450 peccatum
1035 2414 1053 2444 ‚
1089 2380 1202 2446 quin
1241 2377 1342 2427 hoc
1386 2371 1499 2440 ipso
1536 2369 1618 2421 sal·

73 2454 171 2504 tem
204 2452 431 2518 implicite
460 2489 473 2512 ,
510 2450 563 2501 δί
603 2449 686 2501 sub
727 2463 962 2516 conceptu
1011 2446 1302 2500 convertibili
1348 2439 1623 2513 agnoscatur

74 2523 219 2572 Deus,
287 2519 416 2572 Nam
444 2519 476 2569 fi
502 2517 804 2587 cognoscitur
840 2520 965 2569 astus
1000 2517 1218 2575 illicituS,
1255 2514 1358 2563 talis
1403 2509 1467 2560 est
1503 2523 1619 2576 pro-

75 2603 183 2658 pter
211 2591 368 2656 legem
398 2588 694 2655 prohibentis
732 2587 1000 2653 Superioris
1017 2626 1029 2649 ‚
1064 2584 1143 2653 qui
1167 2580 1294 2634 certe
1319 2578 1419 2647 ipsa
1448 2592 1627 2630 natura.

75 2658 307 2711 rationalis
333 2674 431 2708 non
463 2657 553 2716 est,
575 2671 747 2724 utpote
775 2655 1041 2724 obligabilis
1059 2690 1074 2715 ,
1119 2651 1460 2715 consequenter
1489 2645 1618 2697 solus

77 2727 237 2779 Deus:
315 2729 613 2795 Quamquam
644 2726 781 2776 etiam
812 2726 966 2791 primae
1011 2721 1240 2774 sententiae
1276 2715 1464 2769 Patroni
1501 2712 1622 2777 judi-

83 2810 189 2850 cent
224 2809 471 2863 peccatum
496 2794 618 2849 illud
653 2794 750 2847 dici
777 2792 956 2916 gebeoe
989 2790 1150 2862 potins
1179 2805 1346 2859 puram
1387 2782 1622 2863 dedecen-

852 2878 885 2925 4
1430 2866 1545 2906 uam
