<?xml version="1.0" encoding="UTF-8"?>
<!DOCTYPE html PUBLIC "-//W3C//DTD XHTML 1.0 Transitional//EN"
    "http://www.w3.org/TR/xhtml1/DTD/xhtml1-transitional.dtd">
<html xmlns="http://www.w3.org/1999/xhtml" xml:lang="en" lang="en">
 <head>
  <title>
</title>
<meta http-equiv="Content-Type" content="text/html;charset=utf-8" />
  <meta name='ocr-system' content='tesseract 3.04.00' />
  <meta name='ocr-capabilities' content='ocr_page ocr_carea ocr_par ocr_line ocrx_word'/>
</head>
<body>
  <div class='ocr_page' id='page_1' title='image "./ideasapientisthe00vano_0370.png"; bbox 0 0 1781 3151; ppageno 0'>
   <div class='ocr_carea' id='block_1_1' title="bbox 286 117 1270 205">
    <p class='ocr_par' dir='ltr' id='par_1_1' title="bbox 286 117 1270 205">
     <span class='ocr_line' id='line_1_1' title="bbox 286 117 1270 205; baseline 0.001 -1"><span class='ocrx_word' id='word_1_1' title='bbox 286 144 332 204; x_wconf 84' lang='lat'>4</span> <span class='ocrx_word' id='word_1_2' title='bbox 690 117 1270 205; x_wconf 41' lang='lat' dir='ltr'>&amp;miffa-</span> 
     </span>
    </p>
   </div>
   <div class='ocr_carea' id='block_1_2' title="bbox 189 214 1777 2934">
    <p class='ocr_par' dir='ltr' id='par_1_2' title="bbox 189 214 1736 1173">
     <span class='ocr_line' id='line_1_2' title="bbox 204 214 1730 288; baseline 0.001 -16"><span class='ocrx_word' id='word_1_3' title='bbox 204 225 266 273; x_wconf 87' lang='lat' dir='ltr'>de</span> <span class='ocrx_word' id='word_1_4' title='bbox 288 214 393 288; x_wconf 54' lang='lat' dir='ltr'>&#39;qua</span> <span class='ocrx_word' id='word_1_5' title='bbox 430 220 553 270; x_wconf 86' lang='lat' dir='ltr'>idem</span> <span class='ocrx_word' id='word_1_6' title='bbox 599 220 910 285; x_wconf 79' lang='lat' dir='ltr'>Philosophus</span> <span class='ocrx_word' id='word_1_7' title='bbox 942 222 1240 272; x_wconf 82' lang='lat' dir='ltr'>fundamenta</span> <span class='ocrx_word' id='word_1_8' title='bbox 1274 220 1482 287; x_wconf 64' lang='lat' dir='ltr'>quaedam</span> <span class='ocrx_word' id='word_1_9' title='bbox 1517 219 1730 284; x_wconf 75' lang='lat' dir='ltr'>tradidit,</span> 
     </span>
     <span class='ocr_line' id='line_1_3' title="bbox 203 289 1734 358; baseline 0 -18"><span class='ocrx_word' id='word_1_10' title='bbox 203 293 367 358; x_wconf 62' lang='lat' dir='ltr'>paucis</span> <span class='ocrx_word' id='word_1_11' title='bbox 403 289 600 339; x_wconf 81' lang='lat' dir='ltr'>eandem</span> <span class='ocrx_word' id='word_1_12' title='bbox 637 289 853 356; x_wconf 80' lang='lat' dir='ltr'>expedio.</span> <span class='ocrx_word' id='word_1_13' title='bbox 939 291 1117 358; x_wconf 79' lang='lat' dir='ltr'>Dirigit</span> <span class='ocrx_word' id='word_1_14' title='bbox 1145 293 1268 339; x_wconf 87' lang='lat' dir='ltr'>enim</span> <span class='ocrx_word' id='word_1_15' title='bbox 1296 292 1541 340; x_wconf 87' lang='lat' dir='ltr'>hominem·</span> <span class='ocrx_word' id='word_1_16' title='bbox 1563 292 1619 340; x_wconf 87' lang='lat' dir='ltr'>ad</span> <span class='ocrx_word' id='word_1_17' title='bbox 1648 293 1734 340; x_wconf 82' lang='lat' dir='ltr'>do·</span> 
     </span>
     <span class='ocr_line' id='line_1_4' title="bbox 205 356 1732 418; baseline 0 -8"><span class='ocrx_word' id='word_1_18' title='bbox 205 378 335 410; x_wconf 88' lang='lat' dir='ltr'>mum</span> <span class='ocrx_word' id='word_1_19' title='bbox 356 394 366 417; x_wconf 90' lang='lat'>‚</span> <span class='ocrx_word' id='word_1_20' title='bbox 402 361 576 415; x_wconf 82' lang='lat' dir='ltr'>aulam,</span> <span class='ocrx_word' id='word_1_21' title='bbox 614 357 664 406; x_wconf 71' lang='grc' dir='ltr'>δί</span> <span class='ocrx_word' id='word_1_22' title='bbox 687 375 786 408; x_wconf 86' lang='lat' dir='ltr'>rem</span> <span class='ocrx_word' id='word_1_23' title='bbox 809 358 1084 408; x_wconf 81' lang='lat' dir='ltr'>familiarem</span> <span class='ocrx_word' id='word_1_24' title='bbox 1105 359 1369 409; x_wconf 64' lang='lat' dir='ltr'>Cui-andam</span> <span class='ocrx_word' id='word_1_25' title='bbox 1389 377 1484 408; x_wconf 88' lang='lat' dir='ltr'>non</span> <span class='ocrx_word' id='word_1_26' title='bbox 1507 356 1632 408; x_wconf 71' lang='lat' dir='ltr'>secus</span> <span class='ocrx_word' id='word_1_27' title='bbox 1651 396 1662 418; x_wconf 90' lang='lat'>‚</span> <span class='ocrx_word' id='word_1_28' title='bbox 1681 377 1732 410; x_wconf 85' lang='lat' dir='ltr'>ac</span> 
     </span>
     <span class='ocr_line' id='line_1_5' title="bbox 205 425 1733 493; baseline 0 -15"><span class='ocrx_word' id='word_1_29' title='bbox 205 426 402 478; x_wconf 81' lang='lat' dir='ltr'>Politica</span> <span class='ocrx_word' id='word_1_30' title='bbox 435 427 490 474; x_wconf 83' lang='lat' dir='ltr'>ad</span> <span class='ocrx_word' id='word_1_31' title='bbox 528 425 761 476; x_wconf 79' lang='lat' dir='ltr'>civitatem</span> <span class='ocrx_word' id='word_1_32' title='bbox 805 427 1155 476; x_wconf 82' lang='lat' dir='ltr'>moderandam.</span> <span class='ocrx_word' id='word_1_33' title='bbox 1236 430 1296 476; x_wconf 86' lang='lat' dir='ltr'>Et</span> <span class='ocrx_word' id='word_1_34' title='bbox 1328 426 1733 493; x_wconf 78' lang='lat' dir='ltr'>quemadmodum</span> 
     </span>
     <span class='ocr_line' id='line_1_6' title="bbox 205 491 1733 560; baseline 0.001 -17"><span class='ocrx_word' id='word_1_35' title='bbox 205 496 314 544; x_wconf 85' lang='lat' dir='ltr'>varii</span> <span class='ocrx_word' id='word_1_36' title='bbox 340 491 441 544; x_wconf 88' lang='lat' dir='ltr'>sunt</span> <span class='ocrx_word' id='word_1_37' title='bbox 477 495 613 544; x_wconf 82' lang='lat' dir='ltr'>stat-us</span> <span class='ocrx_word' id='word_1_38' title='bbox 635 529 647 554; x_wconf 85' lang='lat'>‚</span> <span class='ocrx_word' id='word_1_39' title='bbox 687 493 741 542; x_wconf 70' lang='grc' dir='ltr'><strong>ἃ</strong></span> <span class='ocrx_word' id='word_1_40' title='bbox 761 494 1223 557; x_wconf 70' lang='lat' dir='ltr'>munerabominum</span> <span class='ocrx_word' id='word_1_41' title='bbox 1246 534 1258 557; x_wconf 86' lang='lat'>‚</span> <span class='ocrx_word' id='word_1_42' title='bbox 1294 495 1354 543; x_wconf 83' lang='lat' dir='ltr'>fic</span> <span class='ocrx_word' id='word_1_43' title='bbox 1380 497 1499 545; x_wconf 78' lang='lat' dir='ltr'>varia</span> <span class='ocrx_word' id='word_1_44' title='bbox 1520 495 1614 544; x_wconf 90' lang='lat' dir='ltr'>dici</span> <span class='ocrx_word' id='word_1_45' title='bbox 1649 513 1733 560; x_wconf 92' lang='lat' dir='ltr'>po-</span> 
     </span>
     <span class='ocr_line' id='line_1_7' title="bbox 203 560 1731 628; baseline 0 -15"><span class='ocrx_word' id='word_1_46' title='bbox 203 562 292 613; x_wconf 86' lang='lat' dir='ltr'>test</span> <span class='ocrx_word' id='word_1_47' title='bbox 317 562 626 612; x_wconf 87' lang='lat' dir='ltr'>Oeconomia.</span> <span class='ocrx_word' id='word_1_48' title='bbox 701 562 802 613; x_wconf 78' lang='lat' dir='ltr'>Alia</span> <span class='ocrx_word' id='word_1_49' title='bbox 822 562 886 612; x_wconf 89' lang='lat' dir='ltr'>est</span> <span class='ocrx_word' id='word_1_50' title='bbox 917 560 1164 612; x_wconf 87' lang='lat' dir='ltr'>hominum</span> <span class='ocrx_word' id='word_1_51' title='bbox 1186 565 1479 627; x_wconf 81' lang='lat' dir='ltr'>privatorum</span> <span class='ocrx_word' id='word_1_52' title='bbox 1503 568 1731 628; x_wconf 79' lang='lat' dir='ltr'>privata:</span> 
     </span>
     <span class='ocr_line' id='line_1_8' title="bbox 204 628 1734 699; baseline 0 -18"><span class='ocrx_word' id='word_1_53' title='bbox 204 633 307 685; x_wconf 79' lang='lat' dir='ltr'>Alia</span> <span class='ocrx_word' id='word_1_54' title='bbox 326 629 623 694; x_wconf 79' lang='lat' dir='ltr'>senatorum,</span> <span class='ocrx_word' id='word_1_55' title='bbox 664 630 833 680; x_wconf 81' lang='lat' dir='ltr'>Civilis</span> <span class='ocrx_word' id='word_1_56' title='bbox 868 651 882 680; x_wconf 92' lang='lat'>.·</span> <span class='ocrx_word' id='word_1_57' title='bbox 932 632 1037 680; x_wconf 87' lang='lat' dir='ltr'>Alia</span> <span class='ocrx_word' id='word_1_58' title='bbox 1072 629 1322 678; x_wconf 78' lang='lat' dir='ltr'>Prcctorum</span> <span class='ocrx_word' id='word_1_59' title='bbox 1340 672 1354 694; x_wconf 87' lang='lat'><em>‚</em></span> <span class='ocrx_word' id='word_1_60' title='bbox 1394 628 1445 679; x_wconf 70' lang='grc' dir='ltr'>δί</span> <span class='ocrx_word' id='word_1_61' title='bbox 1478 630 1734 699; x_wconf 56' lang='lat' dir='ltr'>Magistra-</span> 
     </span>
     <span class='ocr_line' id='line_1_9' title="bbox 205 696 1732 765; baseline 0.001 -16"><span class='ocrx_word' id='word_1_62' title='bbox 205 716 332 749; x_wconf 81' lang='lat' dir='ltr'>tuum</span> <span class='ocrx_word' id='word_1_63' title='bbox 356 703 598 749; x_wconf 74' lang='lat' dir='ltr'>minorum.</span> <span class='ocrx_word' id='word_1_64' title='bbox 679 700 790 748; x_wconf 70' lang='lat' dir='ltr'>&#39;Alia</span> <span class='ocrx_word' id='word_1_65' title='bbox 823 699 1018 748; x_wconf 90' lang='lat' dir='ltr'>demum</span> <span class='ocrx_word' id='word_1_66' title='bbox 1038 696 1225 765; x_wconf 79' lang='lat' dir='ltr'>Regia,</span> <span class='ocrx_word' id='word_1_67' title='bbox 1269 696 1343 748; x_wconf 72' lang='lat' dir='ltr'>seu</span> <span class='ocrx_word' id='word_1_68' title='bbox 1372 698 1732 765; x_wconf 68' lang='lat' dir='ltr'>A‘Iagistratuum</span> 
     </span>
     <span class='ocr_line' id='line_1_10' title="bbox 189 764 1729 835; baseline 0.001 -18"><span class='ocrx_word' id='word_1_69' title='bbox 189 766 486 834; x_wconf 74' lang='lat' dir='ltr'>finnmorum.</span> <span class='ocrx_word' id='word_1_70' title='bbox 574 771 792 835; x_wconf 71' lang='lat' dir='ltr'>Quorum</span> <span class='ocrx_word' id='word_1_71' title='bbox 815 768 1047 830; x_wconf 85' lang='lat' dir='ltr'>Majestati</span> <span class='ocrx_word' id='word_1_72' title='bbox 1073 764 1249 816; x_wconf 78' lang='lat' dir='ltr'>tametsi</span> <span class='ocrx_word' id='word_1_73' title='bbox 1273 784 1375 817; x_wconf 88' lang='lat' dir='ltr'>non</span> <span class='ocrx_word' id='word_1_74' title='bbox 1398 782 1627 834; x_wconf 80' lang='lat' dir='ltr'><strong>congruat</strong></span> <span class='ocrx_word' id='word_1_75' title='bbox 1646 772 1729 818; x_wconf 58' lang='lat' dir='ltr'>mi2</span> 
     </span>
     <span class='ocr_line' id='line_1_11' title="bbox 201 833 1734 904; baseline -0.001 -16"><span class='ocrx_word' id='word_1_76' title='bbox 201 838 362 888; x_wconf 79' lang='lat' dir='ltr'>nimos</span> <span class='ocrx_word' id='word_1_77' title='bbox 386 835 667 897; x_wconf 72' lang='lat' dir='ltr'>redituum,</span> <span class='ocrx_word' id='word_1_78' title='bbox 704 833 756 884; x_wconf 69' lang='lat'>6&lt;</span> <span class='ocrx_word' id='word_1_79' title='bbox 799 834 1114 900; x_wconf 69' lang='lat' dir='ltr'>expensarum·</span> <span class='ocrx_word' id='word_1_80' title='bbox 1134 835 1290 901; x_wconf 85' lang='lat' dir='ltr'>apices</span> <span class='ocrx_word' id='word_1_81' title='bbox 1327 835 1576 904; x_wconf 82' lang='lat' dir='ltr'>vestigare,</span> <span class='ocrx_word' id='word_1_82' title='bbox 1614 851 1734 887; x_wconf 75' lang='lat' dir='ltr'>curae</span> 
     </span>
     <span class='ocr_line' id='line_1_12' title="bbox 200 900 1731 968; baseline 0 -14"><span class='ocrx_word' id='word_1_83' title='bbox 200 919 360 954; x_wconf 80' lang='lat' dir='ltr'>tamen</span> <span class='ocrx_word' id='word_1_84' title='bbox 381 905 466 952; x_wconf 82' lang='lat' dir='ltr'>effe</span> <span class='ocrx_word' id='word_1_85' title='bbox 491 904 764 968; x_wconf 82' lang='lat' dir='ltr'>cumprimis</span> <span class='ocrx_word' id='word_1_86' title='bbox 785 902 956 962; x_wconf 90' lang='lat' dir='ltr'>debet,</span> <span class='ocrx_word' id='word_1_87' title='bbox 992 903 1052 953; x_wconf 82' lang='lat' dir='ltr'>fic</span> <span class='ocrx_word' id='word_1_88' title='bbox 1086 900 1293 968; x_wconf 81' lang='lat' dir='ltr'>sumptus</span> <span class='ocrx_word' id='word_1_89' title='bbox 1329 904 1437 953; x_wconf 81' lang='lat' dir='ltr'>aulae</span> <span class='ocrx_word' id='word_1_90' title='bbox 1458 942 1469 964; x_wconf 87' lang='lat'>,</span> <span class='ocrx_word' id='word_1_91' title='bbox 1507 901 1640 965; x_wconf 88' lang='lat' dir='ltr'>belli,</span> <span class='ocrx_word' id='word_1_92' title='bbox 1679 903 1731 954; x_wconf 84' lang='lat'>&amp;</span> 
     </span>
     <span class='ocr_line' id='line_1_13' title="bbox 199 969 1736 1038; baseline 0 -17"><span class='ocrx_word' id='word_1_93' title='bbox 199 970 291 1022; x_wconf 76' lang='lat' dir='ltr'>suae</span> <span class='ocrx_word' id='word_1_94' title='bbox 328 972 376 1020; x_wconf 86' lang='lat' dir='ltr'>in</span> <span class='ocrx_word' id='word_1_95' title='bbox 408 971 523 1021; x_wconf 85' lang='lat' dir='ltr'>alios</span> <span class='ocrx_word' id='word_1_96' title='bbox 543 971 830 1021; x_wconf 82' lang='lat' dir='ltr'>liberalitatis</span> <span class='ocrx_word' id='word_1_97' title='bbox 855 970 1116 1028; x_wconf 80' lang='lat' dir='ltr'>moderari,</span> <span class='ocrx_word' id='word_1_98' title='bbox 1153 984 1203 1019; x_wconf 88' lang='lat' dir='ltr'>ut</span> <span class='ocrx_word' id='word_1_99' title='bbox 1234 972 1496 1021; x_wconf 86' lang='lat' dir='ltr'>communis</span> <span class='ocrx_word' id='word_1_100' title='bbox 1518 969 1598 1020; x_wconf 86' lang='lat' dir='ltr'>ille</span> <span class='ocrx_word' id='word_1_101' title='bbox 1628 989 1736 1038; x_wconf 88' lang='lat' dir='ltr'>pro·</span> 
     </span>
     <span class='ocr_line' id='line_1_14' title="bbox 200 1037 1735 1107; baseline 0 -17"><span class='ocrx_word' id='word_1_102' title='bbox 200 1039 453 1107; x_wconf 83' lang='lat' dir='ltr'>digalitatis</span> <span class='ocrx_word' id='word_1_103' title='bbox 477 1038 695 1105; x_wconf 85' lang='lat' dir='ltr'>scopulus</span> <span class='ocrx_word' id='word_1_104' title='bbox 739 1040 935 1103; x_wconf 87' lang='lat' dir='ltr'>vitetur,</span> <span class='ocrx_word' id='word_1_105' title='bbox 971 1037 1269 1089; x_wconf 77' lang='lat' dir='ltr'>subditorum</span> <span class='ocrx_word' id='word_1_106' title='bbox 1301 1055 1385 1104; x_wconf 85' lang='lat' dir='ltr'>pet·</span> <span class='ocrx_word' id='word_1_107' title='bbox 1424 1037 1592 1089; x_wconf 80' lang='lat' dir='ltr'>tributa</span> <span class='ocrx_word' id='word_1_108' title='bbox 1620 1073 1634 1098; x_wconf 84' lang='lat'><em>‚</em></span> <span class='ocrx_word' id='word_1_109' title='bbox 1683 1038 1735 1090; x_wconf 67' lang='grc' dir='ltr'><strong>ἃ</strong></span> 
     </span>
     <span class='ocr_line' id='line_1_15' title="bbox 199 1108 742 1173; baseline -0.009 -12"><span class='ocrx_word' id='word_1_110' title='bbox 199 1108 467 1161; x_wconf 70' lang='lat' dir='ltr'>exaffiones</span> <span class='ocrx_word' id='word_1_111' title='bbox 494 1108 742 1173; x_wconf 74' lang='lat' dir='ltr'>oppressio.</span> 
     </span>
    </p>

    <p class='ocr_par' dir='ltr' id='par_1_3' title="bbox 196 1172 1736 1924">
     <span class='ocr_line' id='line_1_16' title="bbox 311 1172 1736 1243; baseline 0.001 -18"><span class='ocrx_word' id='word_1_112' title='bbox 311 1177 618 1227; x_wconf 85' lang='lat' dir='ltr'>Oeconomus</span> <span class='ocrx_word' id='word_1_113' title='bbox 640 1175 843 1242; x_wconf 83' lang='lat' dir='ltr'>privatus</span> <span class='ocrx_word' id='word_1_114' title='bbox 869 1174 907 1224; x_wconf 86' lang='lat' dir='ltr'>is</span> <span class='ocrx_word' id='word_1_115' title='bbox 942 1174 1098 1225; x_wconf 89' lang='lat' dir='ltr'>omnis</span> <span class='ocrx_word' id='word_1_116' title='bbox 1122 1176 1188 1226; x_wconf 89' lang='lat' dir='ltr'>est</span> <span class='ocrx_word' id='word_1_117' title='bbox 1214 1212 1228 1236; x_wconf 90' lang='lat'>,</span> <span class='ocrx_word' id='word_1_118' title='bbox 1265 1176 1348 1243; x_wconf 90' lang='lat' dir='ltr'>qui</span> <span class='ocrx_word' id='word_1_119' title='bbox 1387 1193 1485 1226; x_wconf 81' lang='lat' dir='ltr'>rem</span> <span class='ocrx_word' id='word_1_120' title='bbox 1519 1189 1646 1226; x_wconf 85' lang='lat' dir='ltr'>curat</span> <span class='ocrx_word' id='word_1_121' title='bbox 1668 1172 1736 1226; x_wconf 81' lang='lat' dir='ltr'>fa·</span> 
     </span>
     <span class='ocr_line' id='line_1_17' title="bbox 199 1241 1735 1312; baseline -0.002 -14"><span class='ocrx_word' id='word_1_122' title='bbox 199 1245 448 1298; x_wconf 81' lang='lat' dir='ltr'>miliarem.</span> <span class='ocrx_word' id='word_1_123' title='bbox 526 1243 822 1294; x_wconf 86' lang='lat' dir='ltr'>Oeconomia</span> <span class='ocrx_word' id='word_1_124' title='bbox 854 1261 926 1295; x_wconf 89' lang='lat' dir='ltr'>res</span> <span class='ocrx_word' id='word_1_125' title='bbox 955 1241 1050 1309; x_wconf 72' lang='lat' dir='ltr'>ipsa</span> <span class='ocrx_word' id='word_1_126' title='bbox 1089 1245 1153 1294; x_wconf 88' lang='lat' dir='ltr'>est</span> <span class='ocrx_word' id='word_1_127' title='bbox 1188 1243 1436 1294; x_wconf 83' lang='lat' dir='ltr'>familiaris.</span> <span class='ocrx_word' id='word_1_128' title='bbox 1500 1248 1612 1312; x_wconf 70' lang='lat' dir='ltr'>Quae</span> <span class='ocrx_word' id='word_1_129' title='bbox 1646 1247 1735 1308; x_wconf 89' lang='lat' dir='ltr'>pri-</span> 
     </span>
     <span class='ocr_line' id='line_1_18' title="bbox 201 1309 1730 1372; baseline -0.001 -8"><span class='ocrx_word' id='word_1_130' title='bbox 201 1315 337 1364; x_wconf 79' lang='lat' dir='ltr'>mum</span> <span class='ocrx_word' id='word_1_131' title='bbox 368 1313 544 1364; x_wconf 80' lang='lat' dir='ltr'>constat</span> <span class='ocrx_word' id='word_1_132' title='bbox 566 1312 764 1372; x_wconf 64' lang='lat' dir='ltr'>familia,</span> <span class='ocrx_word' id='word_1_133' title='bbox 804 1309 878 1362; x_wconf 87' lang='lat' dir='ltr'>seu</span> <span class='ocrx_word' id='word_1_134' title='bbox 902 1310 1123 1363; x_wconf 84' lang='lat' dir='ltr'>societate</span> <span class='ocrx_word' id='word_1_135' title='bbox 1149 1347 1162 1372; x_wconf 89' lang='lat'><strong>,</strong></span> <span class='ocrx_word' id='word_1_136' title='bbox 1198 1314 1330 1364; x_wconf 85' lang='lat' dir='ltr'>unius</span> <span class='ocrx_word' id='word_1_137' title='bbox 1358 1313 1500 1363; x_wconf 83' lang='lat' dir='ltr'>Patris</span> <span class='ocrx_word' id='word_1_138' title='bbox 1536 1313 1730 1363; x_wconf 76' lang='lat' dir='ltr'>familias</span> 
     </span>
     <span class='ocr_line' id='line_1_19' title="bbox 201 1378 1731 1448; baseline -0.001 -17"><span class='ocrx_word' id='word_1_139' title='bbox 201 1382 422 1448; x_wconf 82' lang='lat' dir='ltr'>potestati</span> <span class='ocrx_word' id='word_1_140' title='bbox 453 1385 611 1433; x_wconf 68' lang='lat' dir='ltr'>natura</span> <span class='ocrx_word' id='word_1_141' title='bbox 641 1384 711 1431; x_wconf 87' lang='lat' dir='ltr'>vel</span> <span class='ocrx_word' id='word_1_142' title='bbox 745 1383 845 1443; x_wconf 81' lang='lat' dir='ltr'>jure</span> <span class='ocrx_word' id='word_1_143' title='bbox 873 1378 1092 1438; x_wconf 60' lang='lat' dir='ltr'>subieffta.</span> <span class='ocrx_word' id='word_1_144' title='bbox 1167 1381 1450 1443; x_wconf 76' lang='lat' dir='ltr'>Cuiusmodi</span> <span class='ocrx_word' id='word_1_145' title='bbox 1472 1379 1574 1431; x_wconf 86' lang='lat' dir='ltr'>sunt</span> <span class='ocrx_word' id='word_1_146' title='bbox 1599 1399 1731 1441; x_wconf 86' lang='lat' dir='ltr'>uxor,</span> 
     </span>
     <span class='ocr_line' id='line_1_20' title="bbox 197 1446 1732 1518; baseline -0.003 -17"><span class='ocrx_word' id='word_1_147' title='bbox 197 1451 322 1502; x_wconf 80' lang='lat' dir='ltr'>filius</span> <span class='ocrx_word' id='word_1_148' title='bbox 343 1490 355 1514; x_wconf 87' lang='lat'>,</span> <span class='ocrx_word' id='word_1_149' title='bbox 392 1448 570 1508; x_wconf 81' lang='lat' dir='ltr'>servus,</span> <span class='ocrx_word' id='word_1_150' title='bbox 610 1448 780 1515; x_wconf 86' lang='lat' dir='ltr'>Nepos</span> <span class='ocrx_word' id='word_1_151' title='bbox 807 1446 904 1499; x_wconf 67' lang='grc' dir='ltr'>ἃς.</span> <span class='ocrx_word' id='word_1_152' title='bbox 929 1452 1068 1510; x_wconf 90' lang='lat' dir='ltr'>item,</span> <span class='ocrx_word' id='word_1_153' title='bbox 1106 1468 1205 1518; x_wconf 77' lang='lat' dir='ltr'>quae</span> <span class='ocrx_word' id='word_1_154' title='bbox 1227 1451 1251 1499; x_wconf 69' lang='grc' dir='ltr'>ἐ</span> <span class='ocrx_word' id='word_1_155' title='bbox 1278 1449 1465 1499; x_wconf 86' lang='lat' dir='ltr'>fortuna</span> <span class='ocrx_word' id='word_1_156' title='bbox 1490 1447 1616 1507; x_wconf 76' lang='lat' dir='ltr'>sunt,</span> <span class='ocrx_word' id='word_1_157' title='bbox 1652 1448 1732 1498; x_wconf 86' lang='lat' dir='ltr'>sci-</span> 
     </span>
     <span class='ocr_line' id='line_1_21' title="bbox 202 1516 1725 1584; baseline -0.002 -16"><span class='ocrx_word' id='word_1_158' title='bbox 202 1519 313 1568; x_wconf 88' lang='lat' dir='ltr'>licet</span> <span class='ocrx_word' id='word_1_159' title='bbox 340 1517 633 1584; x_wconf 76' lang='lat' dir='ltr'>poffeffioncs</span> <span class='ocrx_word' id='word_1_160' title='bbox 653 1556 665 1579; x_wconf 88' lang='lat'>,</span> <span class='ocrx_word' id='word_1_161' title='bbox 706 1516 780 1566; x_wconf 89' lang='lat' dir='ltr'>seu</span> <span class='ocrx_word' id='word_1_162' title='bbox 805 1534 878 1565; x_wconf 85' lang='lat' dir='ltr'>res</span> <span class='ocrx_word' id='word_1_163' title='bbox 915 1517 1115 1584; x_wconf 78' lang='lat' dir='ltr'>poffeffae</span> <span class='ocrx_word' id='word_1_164' title='bbox 1139 1554 1151 1577; x_wconf 90' lang='lat'>,</span> <span class='ocrx_word' id='word_1_165' title='bbox 1207 1533 1308 1583; x_wconf 84' lang='lat' dir='ltr'>quae</span> <span class='ocrx_word' id='word_1_166' title='bbox 1333 1519 1433 1567; x_wconf 72' lang='lat' dir='ltr'>vita·</span> <span class='ocrx_word' id='word_1_167' title='bbox 1466 1518 1725 1568; x_wconf 70' lang='lat' dir='ltr'>commode</span> 
     </span>
     <span class='ocr_line' id='line_1_22' title="bbox 196 1582 1732 1650; baseline -0.001 -13"><span class='ocrx_word' id='word_1_168' title='bbox 196 1585 502 1638; x_wconf 69' lang='lat' dir='ltr'>sustentandae</span> <span class='ocrx_word' id='word_1_169' title='bbox 533 1583 784 1637; x_wconf 76' lang='lat' dir='ltr'>neceffariae</span> <span class='ocrx_word' id='word_1_170' title='bbox 804 1582 922 1635; x_wconf 88' lang='lat' dir='ltr'>sunt.</span> <span class='ocrx_word' id='word_1_171' title='bbox 993 1585 1190 1650; x_wconf 83' lang='lat' dir='ltr'>Triplex</span> <span class='ocrx_word' id='word_1_172' title='bbox 1209 1586 1255 1636; x_wconf 87' lang='lat' dir='ltr'>in</span> <span class='ocrx_word' id='word_1_173' title='bbox 1284 1585 1373 1636; x_wconf 86' lang='lat' dir='ltr'>hos</span> <span class='ocrx_word' id='word_1_174' title='bbox 1399 1584 1480 1634; x_wconf 84' lang='lat' dir='ltr'>fibi</span> <span class='ocrx_word' id='word_1_175' title='bbox 1507 1583 1732 1647; x_wconf 67' lang='lat' dir='ltr'>subjectos</span> 
     </span>
     <span class='ocr_line' id='line_1_23' title="bbox 199 1652 1729 1722; baseline 0.001 -18"><span class='ocrx_word' id='word_1_176' title='bbox 199 1654 454 1722; x_wconf 83' lang='lat' dir='ltr'>imperium</span> <span class='ocrx_word' id='word_1_177' title='bbox 478 1653 615 1704; x_wconf 88' lang='lat' dir='ltr'>habet</span> <span class='ocrx_word' id='word_1_178' title='bbox 643 1657 773 1702; x_wconf 84' lang='lat' dir='ltr'>Pater</span> <span class='ocrx_word' id='word_1_179' title='bbox 803 1652 1024 1712; x_wconf 77' lang='lat' dir='ltr'>familias3</span> <span class='ocrx_word' id='word_1_180' title='bbox 1062 1654 1212 1703; x_wconf 84' lang='lat' dir='ltr'>Civile</span> <span class='ocrx_word' id='word_1_181' title='bbox 1236 1655 1284 1704; x_wconf 85' lang='lat' dir='ltr'>in</span> <span class='ocrx_word' id='word_1_182' title='bbox 1319 1671 1512 1704; x_wconf 84' lang='lat' dir='ltr'>uxorem</span> <span class='ocrx_word' id='word_1_183' title='bbox 1545 1688 1556 1712; x_wconf 87' lang='lat'><em>,</em></span> <span class='ocrx_word' id='word_1_184' title='bbox 1604 1656 1729 1705; x_wconf 89' lang='lat' dir='ltr'>velut</span> 
     </span>
     <span class='ocr_line' id='line_1_24' title="bbox 198 1719 1730 1789; baseline -0.001 -17"><span class='ocrx_word' id='word_1_185' title='bbox 198 1720 374 1773; x_wconf 87' lang='lat' dir='ltr'>sociam</span> <span class='ocrx_word' id='word_1_186' title='bbox 393 1759 405 1782; x_wconf 88' lang='lat'>‚</span> <span class='ocrx_word' id='word_1_187' title='bbox 443 1741 538 1773; x_wconf 87' lang='lat' dir='ltr'>non</span> <span class='ocrx_word' id='word_1_188' title='bbox 564 1722 793 1772; x_wconf 80' lang='lat' dir='ltr'>ancillam.</span> <span class='ocrx_word' id='word_1_189' title='bbox 847 1722 1041 1789; x_wconf 76' lang='lat' dir='ltr'>Regium</span> <span class='ocrx_word' id='word_1_190' title='bbox 1072 1723 1120 1770; x_wconf 88' lang='lat' dir='ltr'>in</span> <span class='ocrx_word' id='word_1_191' title='bbox 1156 1722 1330 1773; x_wconf 86' lang='lat' dir='ltr'>liberos</span> <span class='ocrx_word' id='word_1_192' title='bbox 1352 1762 1365 1786; x_wconf 88' lang='lat'>,</span> <span class='ocrx_word' id='word_1_193' title='bbox 1397 1719 1521 1772; x_wconf 59' lang='lat' dir='ltr'>&#39;salva</span> <span class='ocrx_word' id='word_1_194' title='bbox 1542 1735 1730 1782; x_wconf 69' lang='lat' dir='ltr'>natura,</span> 
     </span>
     <span class='ocr_line' id='line_1_25' title="bbox 198 1789 1728 1859; baseline -0.001 -19"><span class='ocrx_word' id='word_1_195' title='bbox 198 1789 254 1840; x_wconf 70' lang='grc' dir='ltr'>ἃ</span> <span class='ocrx_word' id='word_1_196' title='bbox 286 1791 507 1858; x_wconf 80' lang='lat' dir='ltr'>aequitatis</span> <span class='ocrx_word' id='word_1_197' title='bbox 534 1793 637 1859; x_wconf 80' lang='lat' dir='ltr'>lege</span> <span class='ocrx_word' id='word_1_198' title='bbox 661 1825 672 1849; x_wconf 88' lang='lat'>,</span> <span class='ocrx_word' id='word_1_199' title='bbox 708 1789 836 1855; x_wconf 74' lang='lat' dir='ltr'>quod</span> <span class='ocrx_word' id='word_1_200' title='bbox 860 1790 997 1839; x_wconf 85' lang='lat' dir='ltr'>vitam</span> <span class='ocrx_word' id='word_1_201' title='bbox 1026 1791 1078 1838; x_wconf 85' lang='lat' dir='ltr'>iis</span> <span class='ocrx_word' id='word_1_202' title='bbox 1117 1789 1320 1841; x_wconf 80' lang='lat' dir='ltr'>adimere</span> <span class='ocrx_word' id='word_1_203' title='bbox 1349 1803 1563 1857; x_wconf 86' lang='lat' dir='ltr'>nequeat.</span> <span class='ocrx_word' id='word_1_204' title='bbox 1638 1791 1728 1840; x_wconf 81' lang='lat' dir='ltr'>He-</span> 
     </span>
     <span class='ocr_line' id='line_1_26' title="bbox 199 1857 1525 1924; baseline 0 -16"><span class='ocrx_word' id='word_1_205' title='bbox 199 1860 292 1910; x_wconf 77' lang='lat' dir='ltr'>rile</span> <span class='ocrx_word' id='word_1_206' title='bbox 314 1860 362 1910; x_wconf 87' lang='lat' dir='ltr'>in</span> <span class='ocrx_word' id='word_1_207' title='bbox 390 1857 546 1909; x_wconf 83' lang='lat' dir='ltr'>servos</span> <span class='ocrx_word' id='word_1_208' title='bbox 568 1894 581 1919; x_wconf 87' lang='lat'>,</span> <span class='ocrx_word' id='word_1_209' title='bbox 616 1874 839 1924; x_wconf 80' lang='lat' dir='ltr'>tanquam</span> <span class='ocrx_word' id='word_1_210' title='bbox 875 1858 1174 1908; x_wconf 85' lang='lat' dir='ltr'>instrumenta</span> <span class='ocrx_word' id='word_1_211' title='bbox 1199 1859 1303 1910; x_wconf 80' lang='lat' dir='ltr'>vitae</span> <span class='ocrx_word' id='word_1_212' title='bbox 1331 1857 1525 1909; x_wconf 79' lang='lat' dir='ltr'>socialis.</span> 
     </span>
    </p>

    <p class='ocr_par' dir='ltr' id='par_1_4' title="bbox 196 1926 1777 2934">
     <span class='ocr_line' id='line_1_27' title="bbox 311 1926 1730 1994; baseline -0.001 -16"><span class='ocrx_word' id='word_1_213' title='bbox 311 1930 469 1979; x_wconf 86' lang='lat' dir='ltr'>Omne</span> <span class='ocrx_word' id='word_1_214' title='bbox 498 1927 642 1978; x_wconf 81' lang='lat' dir='ltr'>Patris</span> <span class='ocrx_word' id='word_1_215' title='bbox 676 1926 870 1977; x_wconf 81' lang='lat' dir='ltr'>familias</span> <span class='ocrx_word' id='word_1_216' title='bbox 899 1944 1067 1976; x_wconf 88' lang='lat' dir='ltr'>munus</span> <span class='ocrx_word' id='word_1_217' title='bbox 1097 1926 1364 1994; x_wconf 86' lang='lat' dir='ltr'>Xenophon</span> <span class='ocrx_word' id='word_1_218' title='bbox 1391 1928 1422 1977; x_wconf 88' lang='lat' dir='ltr'>l.</span> <span class='ocrx_word' id='word_1_219' title='bbox 1458 1939 1498 1986; x_wconf 88' lang='lat'>3.</span> <span class='ocrx_word' id='word_1_220' title='bbox 1521 1926 1730 1992; x_wconf 84' lang='lat' dir='ltr'>comple-</span> 
     </span>
     <span class='ocr_line' id='line_1_28' title="bbox 198 1993 1777 2060; baseline -0.002 -13"><span class='ocrx_word' id='word_1_221' title='bbox 198 2013 285 2047; x_wconf 74' lang='lat' dir='ltr'>xus</span> <span class='ocrx_word' id='word_1_222' title='bbox 317 1997 410 2059; x_wconf 86' lang='lat' dir='ltr'>est,</span> <span class='ocrx_word' id='word_1_223' title='bbox 451 1999 563 2045; x_wconf 89' lang='lat' dir='ltr'>dum</span> <span class='ocrx_word' id='word_1_224' title='bbox 592 1998 654 2044; x_wconf 84' lang='lat' dir='ltr'>ait</span> <span class='ocrx_word' id='word_1_225' title='bbox 679 1996 807 2057; x_wconf 82' lang='lat' dir='ltr'>:ejus</span> <span class='ocrx_word' id='word_1_226' title='bbox 824 1995 910 2045; x_wconf 77' lang='lat' dir='ltr'>effe</span> <span class='ocrx_word' id='word_1_227' title='bbox 932 1993 1165 2060; x_wconf 73' lang='lat' dir='ltr'>primum,</span> <span class='ocrx_word' id='word_1_228' title='bbox 1205 2010 1256 2045; x_wconf 90' lang='lat' dir='ltr'>ut</span> <span class='ocrx_word' id='word_1_229' title='bbox 1271 1994 1480 2048; x_wconf 81' lang='lat' dir='ltr'>subditos</span> <span class='ocrx_word' id='word_1_230' title='bbox 1511 1995 1613 2044; x_wconf 79' lang='lat' dir='ltr'>suos</span> <span class='ocrx_word' id='word_1_231' title='bbox 1631 2011 1731 2044; x_wconf 87' lang='lat' dir='ltr'>mo·</span> <span class='ocrx_word' id='word_1_232' title='bbox 1775 2013 1777 2015; x_wconf 88' lang='lat'>·</span> 
     </span>
     <span class='ocr_line' id='line_1_29' title="bbox 196 2061 1731 2134; baseline -0.003 -19"><span class='ocrx_word' id='word_1_233' title='bbox 196 2066 384 2132; x_wconf 73' lang='lat' dir='ltr'>rigeros</span> <span class='ocrx_word' id='word_1_234' title='bbox 406 2064 596 2122; x_wconf 85' lang='lat' dir='ltr'>reddat,</span> <span class='ocrx_word' id='word_1_235' title='bbox 635 2061 688 2112; x_wconf 84' lang='lat'>&amp;</span> <span class='ocrx_word' id='word_1_236' title='bbox 716 2061 1034 2131; x_wconf 86' lang='lat' dir='ltr'>obsequentes.</span> <span class='ocrx_word' id='word_1_237' title='bbox 1107 2080 1152 2115; x_wconf 90' lang='lat'>2.</span> <span class='ocrx_word' id='word_1_238' title='bbox 1188 2065 1390 2134; x_wconf 81' lang='lat' dir='ltr'>Singulis</span> <span class='ocrx_word' id='word_1_239' title='bbox 1415 2100 1427 2123; x_wconf 90' lang='lat'>‚</span> <span class='ocrx_word' id='word_1_240' title='bbox 1457 2063 1569 2128; x_wconf 88' lang='lat' dir='ltr'>quid</span> <span class='ocrx_word' id='word_1_241' title='bbox 1591 2080 1731 2130; x_wconf 84' lang='lat' dir='ltr'>agen-</span> 
     </span>
     <span class='ocr_line' id='line_1_30' title="bbox 197 2132 1729 2199; baseline -0.002 -17"><span class='ocrx_word' id='word_1_242' title='bbox 197 2133 314 2182; x_wconf 87' lang='lat' dir='ltr'>dum</span> <span class='ocrx_word' id='word_1_243' title='bbox 341 2134 390 2181; x_wconf 78' lang='lat' dir='ltr'>{it</span> <span class='ocrx_word' id='word_1_244' title='bbox 411 2172 424 2195; x_wconf 88' lang='lat'>,</span> <span class='ocrx_word' id='word_1_245' title='bbox 485 2132 740 2199; x_wconf 66' lang='lat' dir='ltr'>praecipiat.</span> <span class='ocrx_word' id='word_1_246' title='bbox 813 2149 855 2194; x_wconf 84' lang='lat'>3.</span> <span class='ocrx_word' id='word_1_247' title='bbox 892 2133 1268 2183; x_wconf 82' lang='lat' dir='ltr'>Benevolentiam</span> <span class='ocrx_word' id='word_1_248' title='bbox 1299 2134 1510 2182; x_wconf 87' lang='lat' dir='ltr'>omnium</span> <span class='ocrx_word' id='word_1_249' title='bbox 1541 2148 1729 2196; x_wconf 79' lang='lat' dir='ltr'>compa·</span> 
     </span>
     <span class='ocr_line' id='line_1_31' title="bbox 197 2199 1726 2268; baseline -0.001 -17"><span class='ocrx_word' id='word_1_250' title='bbox 197 2215 294 2262; x_wconf 80' lang='lat' dir='ltr'>ret,</span> <span class='ocrx_word' id='word_1_251' title='bbox 331 2201 472 2250; x_wconf 82' lang='lat' dir='ltr'>etiam</span> <span class='ocrx_word' id='word_1_252' title='bbox 498 2200 789 2266; x_wconf 83' lang='lat' dir='ltr'>viciniorum.</span> <span class='ocrx_word' id='word_1_253' title='bbox 861 2215 907 2260; x_wconf 89' lang='lat'>4.</span> <span class='ocrx_word' id='word_1_254' title='bbox 944 2203 1100 2252; x_wconf 87' lang='lat' dir='ltr'>Malos</span> <span class='ocrx_word' id='word_1_255' title='bbox 1126 2202 1314 2268; x_wconf 84' lang='lat' dir='ltr'>puniat,</span> <span class='ocrx_word' id='word_1_256' title='bbox 1339 2199 1490 2250; x_wconf 89' lang='lat' dir='ltr'>bonos</span> <span class='ocrx_word' id='word_1_257' title='bbox 1509 2201 1726 2266; x_wconf 62' lang='lat' dir='ltr'>praemiet.</span> 
     </span>
     <span class='ocr_line' id='line_1_32' title="bbox 205 2265 1731 2336; baseline 0.001 -19"><span class='ocrx_word' id='word_1_258' title='bbox 205 2286 248 2334; x_wconf 73' lang='grc' dir='ltr'>ς.</span> <span class='ocrx_word' id='word_1_259' title='bbox 285 2269 453 2320; x_wconf 84' lang='lat' dir='ltr'>Socios</span> <span class='ocrx_word' id='word_1_260' title='bbox 482 2265 712 2318; x_wconf 83' lang='lat' dir='ltr'>adlciscat.</span> <span class='ocrx_word' id='word_1_261' title='bbox 773 2274 817 2319; x_wconf 86' lang='lat'>6.</span> <span class='ocrx_word' id='word_1_262' title='bbox 854 2270 945 2319; x_wconf 85' lang='lat' dir='ltr'>Sua</span> <span class='ocrx_word' id='word_1_263' title='bbox 977 2269 1222 2336; x_wconf 84' lang='lat' dir='ltr'>diligenter</span> <span class='ocrx_word' id='word_1_264' title='bbox 1248 2269 1487 2332; x_wconf 87' lang='lat' dir='ltr'>custodiat,</span> <span class='ocrx_word' id='word_1_265' title='bbox 1561 2284 1610 2328; x_wconf 87' lang='lat'>7.</span> <span class='ocrx_word' id='word_1_266' title='bbox 1648 2270 1731 2318; x_wconf 82' lang='lat' dir='ltr'>La·</span> 
     </span>
     <span class='ocr_line' id='line_1_33' title="bbox 197 2335 1727 2397; baseline -0.001 -11"><span class='ocrx_word' id='word_1_267' title='bbox 197 2335 329 2387; x_wconf 80' lang='lat' dir='ltr'>boris</span> <span class='ocrx_word' id='word_1_268' title='bbox 363 2336 414 2386; x_wconf 83' lang='lat' dir='ltr'>fit</span> <span class='ocrx_word' id='word_1_269' title='bbox 448 2340 677 2397; x_wconf 79' lang='lat' dir='ltr'>tolerans,</span> <span class='ocrx_word' id='word_1_270' title='bbox 711 2335 762 2387; x_wconf 70' lang='grc' dir='ltr'><strong>ἃ</strong></span> <span class='ocrx_word' id='word_1_271' title='bbox 804 2350 1054 2387; x_wconf 83' lang='lat' dir='ltr'>accuratus.</span> <span class='ocrx_word' id='word_1_272' title='bbox 1137 2337 1337 2389; x_wconf 80' lang='lat' dir='ltr'>Addens</span> <span class='ocrx_word' id='word_1_273' title='bbox 1375 2336 1727 2387; x_wconf 82' lang='lat' dir='ltr'>oeconomicum</span> 
     </span>
     <span class='ocr_line' id='line_1_34' title="bbox 200 2405 1729 2472; baseline -0.002 -16"><span class='ocrx_word' id='word_1_274' title='bbox 200 2405 470 2471; x_wconf 77' lang='lat' dir='ltr'>exemplum</span> <span class='ocrx_word' id='word_1_275' title='bbox 506 2405 658 2456; x_wconf 86' lang='lat' dir='ltr'>Ducis</span> <span class='ocrx_word' id='word_1_276' title='bbox 691 2423 847 2472; x_wconf 87' lang='lat' dir='ltr'>apum.</span> <span class='ocrx_word' id='word_1_277' title='bbox 931 2406 1160 2455; x_wconf 80' lang='lat' dir='ltr'>Praestabit</span> <span class='ocrx_word' id='word_1_278' title='bbox 1189 2406 1284 2456; x_wconf 76' lang='lat' dir='ltr'>haec</span> <span class='ocrx_word' id='word_1_279' title='bbox 1312 2408 1470 2457; x_wconf 86' lang='lat' dir='ltr'>omnia</span> <span class='ocrx_word' id='word_1_280' title='bbox 1495 2406 1627 2455; x_wconf 88' lang='lat' dir='ltr'>nullo</span> <span class='ocrx_word' id='word_1_281' title='bbox 1649 2420 1729 2453; x_wconf 76' lang='lat' dir='ltr'>ne=</span> 
     </span>
     <span class='ocr_line' id='line_1_35' title="bbox 203 2471 1729 2540; baseline -0.001 -18"><span class='ocrx_word' id='word_1_282' title='bbox 203 2474 343 2540; x_wconf 84' lang='lat' dir='ltr'>gotio</span> <span class='ocrx_word' id='word_1_283' title='bbox 363 2512 374 2534; x_wconf 83' lang='lat'>‚</span> <span class='ocrx_word' id='word_1_284' title='bbox 417 2473 451 2522; x_wconf 85' lang='lat' dir='ltr'>fi</span> <span class='ocrx_word' id='word_1_285' title='bbox 481 2488 631 2524; x_wconf 81' lang='lat' dir='ltr'>certus</span> <span class='ocrx_word' id='word_1_286' title='bbox 651 2471 705 2523; x_wconf 85' lang='lat' dir='ltr'>fit</span> <span class='ocrx_word' id='word_1_287' title='bbox 730 2491 825 2524; x_wconf 88' lang='lat' dir='ltr'>non</span> <span class='ocrx_word' id='word_1_288' title='bbox 858 2474 907 2524; x_wconf 88' lang='lat' dir='ltr'>in</span> <span class='ocrx_word' id='word_1_289' title='bbox 930 2473 1184 2524; x_wconf 86' lang='lat' dir='ltr'>multorum</span> <span class='ocrx_word' id='word_1_290' title='bbox 1217 2474 1514 2540; x_wconf 79' lang='lat' dir='ltr'>poffeffione‚</span> <span class='ocrx_word' id='word_1_291' title='bbox 1552 2471 1603 2522; x_wconf 72' lang='grc' dir='ltr'><strong>ἃ</strong></span> <span class='ocrx_word' id='word_1_292' title='bbox 1634 2487 1729 2520; x_wconf 82' lang='lat' dir='ltr'>am·</span> 
     </span>
     <span class='ocr_line' id='line_1_36' title="bbox 202 2538 1725 2609; baseline -0.001 -20"><span class='ocrx_word' id='word_1_293' title='bbox 202 2539 490 2607; x_wconf 78' lang='lat' dir='ltr'>pliflcatjone</span> <span class='ocrx_word' id='word_1_294' title='bbox 510 2559 656 2608; x_wconf 90' lang='lat' dir='ltr'>opum</span> <span class='ocrx_word' id='word_1_295' title='bbox 693 2541 719 2606; x_wconf 88' lang='lat'>(</span> <span class='ocrx_word' id='word_1_296' title='bbox 751 2559 851 2609; x_wconf 79' lang='lat' dir='ltr'>quae</span> <span class='ocrx_word' id='word_1_297' title='bbox 884 2543 1021 2593; x_wconf 81' lang='lat' dir='ltr'>etiam</span> <span class='ocrx_word' id='word_1_298' title='bbox 1054 2545 1185 2592; x_wconf 81' lang='lat' dir='ltr'>malis</span> <span class='ocrx_word' id='word_1_299' title='bbox 1215 2542 1388 2591; x_wconf 79' lang='lat' dir='ltr'>artibus</span> <span class='ocrx_word' id='word_1_300' title='bbox 1408 2541 1506 2593; x_wconf 81' lang='lat' dir='ltr'>fieri</span> <span class='ocrx_word' id='word_1_301' title='bbox 1523 2538 1725 2609; x_wconf 90' lang='lat' dir='ltr'>potest)</span> 
     </span>
     <span class='ocr_line' id='line_1_37' title="bbox 205 2608 1735 2676; baseline -0.001 -18"><span class='ocrx_word' id='word_1_302' title='bbox 205 2608 359 2659; x_wconf 86' lang='lat' dir='ltr'>sedin</span> <span class='ocrx_word' id='word_1_303' title='bbox 395 2611 520 2659; x_wconf 61' lang='lat' dir='ltr'>recto</span> <span class='ocrx_word' id='word_1_304' title='bbox 554 2625 796 2676; x_wconf 83' lang='lat' dir='ltr'>partorum</span> <span class='ocrx_word' id='word_1_305' title='bbox 832 2608 915 2663; x_wconf 88' lang='lat' dir='ltr'>usu</span> <span class='ocrx_word' id='word_1_306' title='bbox 952 2611 1068 2660; x_wconf 84' lang='lat' dir='ltr'>boni</span> <span class='ocrx_word' id='word_1_307' title='bbox 1094 2611 1365 2661; x_wconf 84' lang='lat' dir='ltr'>oeeconomi</span> <span class='ocrx_word' id='word_1_308' title='bbox 1403 2608 1580 2661; x_wconf 86' lang='lat' dir='ltr'>laudem</span> <span class='ocrx_word' id='word_1_309' title='bbox 1619 2623 1735 2658; x_wconf 86' lang='lat' dir='ltr'>con--</span> 
     </span>
     <span class='ocr_line' id='line_1_38' title="bbox 205 2676 1730 2743; baseline -0.002 -15"><span class='ocrx_word' id='word_1_310' title='bbox 205 2676 391 2742; x_wconf 78' lang='lat' dir='ltr'>fistere,</span> <span class='ocrx_word' id='word_1_311' title='bbox 428 2677 872 2743; x_wconf 68' lang='lat' dir='ltr'>&amp;providentiam</span> <span class='ocrx_word' id='word_1_312' title='bbox 932 2683 990 2730; x_wconf 95' lang='lat' dir='ltr'>In</span> <span class='ocrx_word' id='word_1_313' title='bbox 1025 2679 1111 2730; x_wconf 84' lang='lat' dir='ltr'>hac</span> <span class='ocrx_word' id='word_1_314' title='bbox 1155 2682 1278 2732; x_wconf 90' lang='lat' dir='ltr'>enim</span> <span class='ocrx_word' id='word_1_315' title='bbox 1317 2695 1474 2730; x_wconf 82' lang='lat' dir='ltr'>tenere</span> <span class='ocrx_word' id='word_1_316' title='bbox 1500 2676 1730 2736; x_wconf 76' lang='lat' dir='ltr'>modum,</span> 
     </span>
     <span class='ocr_line' id='line_1_39' title="bbox 203 2743 1733 2810; baseline -0.003 -12"><span class='ocrx_word' id='word_1_317' title='bbox 203 2743 385 2799; x_wconf 86' lang='lat' dir='ltr'>servare</span> <span class='ocrx_word' id='word_1_318' title='bbox 411 2747 628 2797; x_wconf 87' lang='lat' dir='ltr'>ordinem</span> <span class='ocrx_word' id='word_1_319' title='bbox 649 2784 661 2807; x_wconf 88' lang='lat'>‚</span> <span class='ocrx_word' id='word_1_320' title='bbox 708 2748 922 2810; x_wconf 84' lang='lat' dir='ltr'>decoris,</span> <span class='ocrx_word' id='word_1_321' title='bbox 964 2745 1016 2797; x_wconf 72' lang='grc' dir='ltr'>δί</span> <span class='ocrx_word' id='word_1_322' title='bbox 1052 2748 1234 2799; x_wconf 89' lang='lat' dir='ltr'>honesti</span> <span class='ocrx_word' id='word_1_323' title='bbox 1271 2751 1497 2798; x_wconf 85' lang='lat' dir='ltr'>rationem</span> <span class='ocrx_word' id='word_1_324' title='bbox 1532 2743 1733 2807; x_wconf 71' lang='lat' dir='ltr'>habere,</span> 
     </span>
     <span class='ocr_line' id='line_1_40' title="bbox 202 2812 1702 2934; baseline -0.001 -70"><span class='ocrx_word' id='word_1_325' title='bbox 202 2812 285 2875; x_wconf 79' lang='lat' dir='ltr'>hie</span> <span class='ocrx_word' id='word_1_326' title='bbox 311 2814 442 2869; x_wconf 82' lang='lat' dir='ltr'>labor</span> <span class='ocrx_word' id='word_1_327' title='bbox 471 2850 484 2876; x_wconf 89' lang='lat'>‚</span> <span class='ocrx_word' id='word_1_328' title='bbox 513 2815 607 2868; x_wconf 83' lang='lat' dir='ltr'>hoe</span> <span class='ocrx_word' id='word_1_329' title='bbox 632 2834 751 2884; x_wconf 88' lang='lat' dir='ltr'>opus</span> <span class='ocrx_word' id='word_1_330' title='bbox 776 2817 856 2871; x_wconf 73' lang='lat' dir='ltr'>cst.</span> <span class='ocrx_word' id='word_1_331' title='bbox 926 2819 999 2869; x_wconf 82' lang='lat' dir='ltr'>De</span> <span class='ocrx_word' id='word_1_332' title='bbox 1023 2834 1117 2884; x_wconf 88' lang='lat' dir='ltr'>quo</span> <span class='ocrx_word' id='word_1_333' title='bbox 1150 2815 1309 2886; x_wconf 75' lang='lat' dir='ltr'>paucis</span> <span class='ocrx_word' id='word_1_334' title='bbox 1348 2813 1476 2868; x_wconf 64' lang='lat' dir='ltr'>iufra.</span> <span class='ocrx_word' id='word_1_335' title='bbox 1542 2879 1605 2934; x_wconf 43' lang='lat' dir='ltr'>H·</span> <span class='ocrx_word' id='word_1_336' title='bbox 1688 2844 1702 2851; x_wconf 87' lang='lat'>--</span> 
     </span>
    </p>

    <p class='ocr_par' dir='ltr' id='par_1_5' title="bbox 1594 2895 1673 2934">
     <span class='ocr_line' id='line_1_41' title="bbox 1594 2895 1673 2934; baseline 0.051 -4"><span class='ocrx_word' id='word_1_337' title='bbox 1594 2895 1673 2934; x_wconf 76' lang='lat' dir='ltr'>mc</span> 
     </span>
    </p>
   </div>
  </div>
 </body>
</html>
