1832 3151
321 125 405 187 30
739 104 1311 192 QCOWAE-‘s

236 211 370 262 dium
400 211 493 260 hoc
521 204 610 260 esse
636 206 845 258 medium
875 210 977 270 rei,
1016 204 1095 257 seu
1120 207 1467 258 arithmeticum
1494 243 1506 267 ,
1543 206 1619 258 sed
1656 209 1781 261 suffi-

234 281 303 332 eit
329 279 536 330 medium
561 278 788 339 rationis,
825 273 903 324 seu
940 278 1280 342 geometricum
1301 316 1313 338 ,
1349 274 1400 325 &
1428 277 1779 329 convenientiae.

233 348 438 413 Excipio
465 346 654 396 virtutes
681 344 1031 407 intenefiuales,
1067 346 1117 394 in
1154 345 1323 411 quibus
1364 360 1603 410 nunquam
1630 347 1784 411 possu-

232 432 343 468 mus
379 431 574 481 peccare
612 429 694 478 per
727 411 989 475 excessum,
1024 414 1134 463 alias
1171 415 1399 463 excellens
1431 414 1525 464 Dei
1558 429 1741 466 amator
1766 450 1780 476 ‚

235 486 310 538 vel
339 483 502 535 artifex
531 482 636 531 ideo
665 478 773 529 eslet
809 479 1025 543 vitiosus,
1061 481 1168 547 quia
1197 481 1259 531 est
1283 482 1530 532 excellens.

329 617 1013 705 QUAESTIO
1110 617 1689 694 ETHICA;

244 737 444 803 Utrum
487 727 668 814 mqjor
708 729 893 789 virtus
910 771 929 804 ,
968 721 1145 785 cedere
1189 724 1417 788 invidia»
1440 770 1461 806 ,
1488 747 1564 789 an
1581 727 1787 811 paldm

739 832 837 865 cum
872 816 1028 867 eadem
1064 812 1264 861 [usim-1⁸?

688 910 735 974 P
769 931 812 971 R
846 933 886 974 o
967 923 1007 968 L
1040 927 1084 968 u
1122 926 1158 967 c
1183 926 1223 967 τ
1245 926 1312 975 Α.

232 1024 492 1194 PAcem
523 1015 765 1070 elementis
789 1017 922 1077 ante,
956 1017 1098 1083 quam
1128 1015 1318 1080 virtuti,
1350 1014 1403 1068 &
1428 1018 1613 1070 invidiae
1640 1019 1782 1071 dede*

380 1092 457 1143 ris.
526 1085 726 1137 Virtutis
750 1083 933 1153 semper
953 1102 1117 1135 comes
1156 1084 1345 1134 invidia.
1420 1087 1559 1155 Quali
1585 1090 1693 1138 vero
1717 1090 1783 1138 in·

382 1156 601 1214 evitabile
618 1153 670 1203 fit
699 1153 1002 1219 pendendum
1019 1171 1107 1218 pro
1129 1152 1306 1203 foribus
1327 1152 1494 1204 theatri
1525 1157 1704 1206 virtutis
1727 1154 1782 1206 &c

232 1230 433 1283 honoris
461 1225 713 1286 tributum,
745 1221 935 1273 censura
960 1222 1243 1289 linguarum.
1334 1224 1508 1274 Nullus
1539 1223 1781 1289 quondam

232 1297 434 1352 honoris
459 1294 520 1344 ad
546 1292 751 1342 Sacraria
784 1291 941 1341 aditus
960 1325 973 1350 ,
1008 1290 1103 1341 nisi
1130 1308 1214 1355 per
1247 1292 1436 1341 culmen
1459 1294 1672 1352 virtutis3
1698 1305 1786 1358 par·

232 1367 374 1419 animi
411 1362 507 1414 sors
531 1362 753 1412 virtutem
778 1359 978 1411 colentis
997 1394 1009 1415 ,
1044 1357 1096 1408 ἃ
1137 1359 1313 1408 livoris.
1412 1362 1641 1428 Ignavum
1673 1375 1781 1431 agat

229 1439 481 1506 Mytecurn
501 1464 514 1491 ‚
551 1442 631 1480 aut
651 1427 804 1479 Codri
831 1426 912 1478 fibi
939 1425 1090 1478 scruta
1118 1424 1339 1493 deposcat
1366 1466 1379 1491 ‚
1422 1429 1625 1497 ingloria
1666 1430 1778 1498 sago

230 1504 287 1555 δί
316 1519 367 1554 to
405 1502 430 1551 ὃ
467 1497 707 1551 cucurbita
746 1498 896 1559 jaceat
919 1535 932 1559 ,
980 1496 1064 1564 qui
1101 1496 1355 1546 Theonem
1398 1499 1528 1564 cupit
1568 1497 1778 1549 evadere.

230 1572 344 1624 Otio
368 1588 403 1622 ae
443 1567 665 1620 duntaxat
703 1565 998 1629 calamitatis,
1036 1562 1088 1614 &
1121 1562 1346 1616 socordiae
1380 1567 1678 1633 privilegium
1715 1566 1778 1617 est

230 1655 386 1697 carere
415 1638 628 1704 viperino
660 1634 960 1684 aemulantfim
988 1632 1096 1684 sale.
1181 1631 1380 1683 Pascitur
1404 1652 1603 1700 namque
1632 1634 1680 1683 in
1712 1635 1778 1684 vi-

225 1712 299 1768 vis
329 1708 468 1769 livor,
499 1706 553 1758 fit
589 1719 748 1753 aranea
789 1702 922 1752 flore.
989 1701 1177 1755 Sublata
1204 1701 1352 1751 oculis
1381 1703 1548 1753 virtute
1579 1705 1700 1766 jacet
1734 1720 1778 1753 e-

225 1778 380 1836 nervis
417 1773 511 1826 fine
552 1771 776 1839 sanguine
805 1782 1020 1831 munem,
1046 1787 1103 1820 eo
1144 1767 1246 1821 solo
1280 1768 1412 1833 felix,
1449 1771 1577 1838 quod
1615 1769 1662 1820 se
1701 1771 1777 1821 de-

229 1847 412 1917 pastus:
447 1842 559 1892 dum
592 1840 750 1891 debita
776 1839 993 1889 virtutem
1024 1838 1221 1904 sequitur
1259 1839 1432 1906 gloria,
1466 1839 1519 1888 δί
1553 1854 1681 1889 vetus
1727 1841 1776 1891 il-

231 1915 341 1976 lud,
381 1911 508 1978 quod
537 1908 710 1975 jacenti
735 1905 935 1957 Colosso
959 1906 1147 1958 Rhodio
1174 1907 1333 1956 datum
1355 1926 1366 1956 t
1399 1906 1545 1972 visits,
1573 1910 1672 1956 cicm
1687 1908 1775 1970 sla-

232 2002 335 2047 ret,
363 1984 529 2031 minor.
601 1974 773 2047 Qodfi
799 1975 909 2027 vero
939 1990 1062 2028 tanta
1092 1975 1145 2025 fit
1175 1976 1291 2027 vitio
1325 1978 1562 2026 temeritas
1600 1975 1659 2025 ad
1691 1977 1779 2027 ini-

230 2055 321 2122 que
360 2046 656 2107 audendum,
692 2062 774 2095 cur
802 2044 961 2095 virtuti
981 2062 1081 2096 non
1114 2042 1167 2093 fit
1194 2044 1252 2093 ad
1281 2042 1665 2110 triumphandum
1685 2062 1774 2109 pro

229 2120 393 2173 debito
428 2116 553 2179 iuxta
583 2132 635 2165 ac
659 2113 834 2163 merito
859 2115 880 2162 ?
911 2109 1058 2164 Cedit
1088 2111 1311 2164 insultans
1352 2111 1618 2179 protervia,
1662 2114 1772 2165 cum

228 2192 382 2244 virum
416 2184 563 2235 sentit.
629 2182 798 2234 Debile
826 2180 892 2230 est
925 2182 1113 2240 vitium,
1144 2181 1297 2231 alieno
1323 2180 1503 2231 tantum
1527 2195 1698 2245 potens
1723 2184 1778 2231 ti·

231 2274 394 2315 more3
419 2251 630 2303 scintillae
663 2252 713 2301 in
738 2265 949 2309 morem,
976 2266 1076 2315 quae
1100 2247 1133 2297 fi
1159 2248 1396 2313 spernatur
1421 2280 1438 2309 ,
1477 2247 1696 2300 adolescit
1726 2250 1775 2304 in

230 2329 458 2381 flammaS.
549 2323 824 2370 Fortunatas
851 2317 886 2368 fi
918 2319 1074 2384 cupias
1106 2316 1304 2377 Insulas,
1333 2319 1434 2367 vela
1463 2317 1617 2382 pande
1642 2353 1655 2376 ‚
1694 2318 1776 2368 ad.

230 2392 355 2450 versa
383 2389 497 2440 licet
519 2387 604 2439 sint
626 2402 873 2439 ventorum
896 2403 1142 2435 murmura.
1214 2385 1410 2444 Timor,
1430 2385 1544 2434 dum
1566 2385 1774 2438 animum

168 2520 170 2522 ,
230 2479 366 2518 tuum
395 2459 586 2522 coquit,
631 2457 792 2527 gloriae
830 2455 1013 2522 apicem
1047 2454 1112 2504 fin
1149 2453 1337 2519 eripiat,
1365 2454 1563 2504 tardabit
1590 2454 1644 2503 ad
1685 2455 1773 2504 mi·

229 2533 338 2588 uus.
404 2527 565 2577 Solem
597 2526 834 2587 aemulare,
859 2538 1013 2590 aperta
1033 2521 1189 2571 fronte
1216 2521 1362 2573 nubes
1393 2522 1770 2587 1·umpentem‚&

230 2600 414 2654 nostes·
484 2596 655 2644 Fatuus
690 2595 812 2663 ignis
844 2592 1016 2642 invidia
1040 2590 1134 2652 est,
1175 2605 1396 2656 quantum
1435 2590 1644 2649 cesseris,
1676 2606 1772 2641 cre·

231 2671 344 2726 scir,
375 2677 595 2732 quantum
631 2660 995 2727 contempseris,
1037 2656 1091 2708 ὃς
1128 2660 1424 2709 contranixus
1467 2657 1636 2717 suern,
1675 2662 1770 2710 rin·

234 2739 385 2808 gitur,
414 2732 466 2781 ἃ
497 2729 766 2782 suffocatur.
835 2730 1071 2795 Scopulus
1105 2728 1233 2787 esto,
1266 2728 1520 2776 irruentem
1545 2725 1647 2785 suO,
1670 2746 1769 2779 non

231 2822 318 2860 tuo
348 2803 524 2854 damno
549 2817 751 2868 rumpas.
823 2801 960 2862 Haec,
985 2796 1187 2864 sapiente
1215 2795 1353 2860 teste,
1386 2797 1461 2847 lex
1491 2814 1579 2847 una
1607 2798 1667 2848 est
1699 2798 1770 2860 ju·

1541 2864 1699 2927 stitiae,
