1832 3151
505 103 1074 194 ἓὲἒὲίέ(0)ἓξ<ἐὲ
1392 120 1478 183 49

31 223 109 260 aut
133 211 383 276 premitur,
411 228 494 276 par
514 209 661 258 fatum
687 207 811 257 foret
838 210 1063 257 omnium.
1133 208 1366 268 Acceffio‚
1396 225 1472 261 aut
1484 209 1563 261 de·

13 277 172 341 ’seflus
215 282 353 330 totius
375 314 388 339 ,
415 277 695 345 {iugulorum
731 274 845 326 ess‘et
878 294 951 324 aut
987 276 1295 325 commodum
1318 314 1329 335 ,
1367 294 1444 328 aut
1481 279 1563 330 de·

19 348 317 398 ‘n'imentutrh
381 347 540 395 Ferrea
577 343 760 411 fuissent
788 343 969 393 Saturni
1001 343 1157 404 lustra,
1193 346 1280 393 nisi
1307 363 1562 399 commune

29 416 248 466 omnibus
280 417 461 464 bonum
491 411 747 463 iiiaurfiffet.
813 414 899 461 Par
935 413 1073 460 virtus
1101 411 1303 462 felicitati
1337 415 1438 462 talis
1461 416 1563 463 Rei·

28 485 251 548 publicae,
285 483 410 532 bello
444 481 568 531 enim
597 481 939 531 decernendum
971 478 1002 527 si
1024 479 1185 543 fuerit,
1215 482 1323 545 quid
1344 483 1561 533 inexhau·

24 550 98 601 sto
126 551 270 600 deerit
302 551 415 600 mari
443 550 465 598 ’ἓ
501 550 584 599 ubi
617 567 783 599 nervus
810 552 905 616 pari
936 551 1064 597 alveo
1088 550 1187 598 fluit
1226 549 1284 597 ab
1311 551 1558 616 mnibus,

24 619 105 687 qui
123 637 212 684 pro
231 617 485 680 'omnibus5
520 621 686 669 virtute
724 615 1028 683 insuperabili,
1052 618 1157 683 quia
1185 618 1383 668 invicem
1393 620 1563 683 junsia-

575 735 1013 793 NEGATuR.

109 839 210 886 Eue
232 834 390 885 habet.
458 838 545 886 Pro
578 837 729 887 domo
754 834 829 888 sua
852 850 1038 902 perorat
1052 835 1233 885 Tullius
1251 871 1263 894 ,
1280 836 1392 886 dum
1419 854 1558 888 com·

144 905 414 953 munitatem
433 905 668 955 bonorum
711 906 926 954 omnium
950 903 1122 954 suadet.
1192 904 1369 954 Publici
1395 921 1555 972 praete·

20 972 142 1024 xitur
164 974 280 1021 tituli
317 973 448 1022 color
487 1013 498 1036 ,
534 973 584 1022 δί
628 974 856 1038 privatum
897 974 1111 1038 quaeritur
1151 970 1347 1023 bonum.
1423 974 1557 1039 Unio

29 1043 229 1091 mentito
253 1040 479 1090 blanditur
504 1044 720 1102 nomine,
748 1042 935 1092 maioris
957 1038 1113 1090 lemen
1132 1038 1372 1090 discordiae
1390 1044 1555 1109 ‚quam

22 1107 78 1159 fit
106 1109 368 1163 bonorum,
408 1107 627 1160 &cultus
652 1107 907 1174 disparitas.
982 1108 1130 1158 Satius
1158 1108 1441 1173 Reipublicae
1475 1128 1557 1162 cu·

20 1179 162 1241 jusvis
191 1176 379 1242 privatis
410 1175 606 1228 fortunis
639 1175 911 1239 consulitur,
935 1175 1030 1225 imo
1060 1172 1194 1225 satius
1229 1178 1373 1228 cuivis
1405 1181 1555 1244 priva·

22 1262 88 1296 to.
160 1252 317 1313 Argus
354 1244 445 1295 hoc
471 1248 609 1312 paclo
627 1243 716 1297 suis
755 1247 818 1296 cst
841 1246 1032 1310 quisque
1068 1246 1319 1308 impendiis
1337 1281 1350 1299 ,
1369 1250 1447 1311 qui
1469 1250 1557 1297 Po·

29 1313 273 1382 lyphemus
297 1312 442 1376 foret,
465 1313 576 1363 dum
601 1315 716 1366 nihil
740 1314 956 1380 cuiquam
983 1314 1241 1378 proprium.
1311 1314 1398 1364 Nil
1413 1315 1562 1364 demi-

1 1413 5 1429 ι.
28 1397 99 1433 tur
117 1382 321 1449 publico,
349 1382 478 1447 quod
503 1383 690 1448 privatis
713 1382 775 1432 fic
807 1383 984 1433 accedit
1012 1382 1291 1432 commodis.
1320 1389 1561 1452 Augeatut

2 1448 211 1500 'fortuna
233 1449 486 1500 domestica
503 1470 518 1511 3
557 1449 712 1500 semen
750 1467 876 1501 terra
906 1451 1102 1501 creditur
1128 1486 1140 1510 ‚
1172 1452 1446 1517 Reipublicae
1484 1452 1558 1503 fae-

28 1534 303 1571 neraturum.
370 1517 554 1569 Nervus
590 1520 767 1586 publici
806 1520 980 1585 privata
1025 1518 1142 1569 sunt.
1213 1520 1305 1570 Hic
1332 1520 1421 1569 illle
1460 1539 1556 1572 ma·

6 1635 8 1639 ,
31 1604 169 1656 gne3‚
191 1604 285 1652 quo
309 1602 484 1640 mentes
504 1606 667 1638 omnes
691 1623 703 1647 ‚
745 1606 856 1653 quas
876 1589 1043 1654 rubigo
1073 1587 1196 1636 secus
1231 1586 1523 1639 consumeret
1543 1624 1557 1649 ‚

0 1655 198 1706 :artibus
223 1692 236 1716 ‚
264 1656 449 1717 studiis,
489 1658 634 1707 cultui
667 1671 816 1723 aptat,
856 1655 907 1705 ἃ
939 1656 1126 1722 expolit.
1195 1656 1453 1706 Sescentos
1487 1676 1575 1707 re·

0 1725 176 1791 tperias
195 1759 207 1783 ,
230 1742 426 1792 quorum
457 1727 649 1795 genium
681 1726 736 1775 ad
765 1722 995 1793 ignaviam
1027 1764 1038 1784 ,
1071 1722 1121 1771 ὅ(
1159 1726 1303 1774 otium
1339 1722 1559 1779 formavit

0 1817 11 1846 i·
31 1805 219 1851 natura,
263 1792 450 1844 stertent
490 1795 535 1843 hi
579 1795 705 1862 pigri
731 1794 863 1843 instar
892 1793 1079 1842 Arcadis
1102 1826 1113 1847 ,
1154 1790 1263 1842 dum
1304 1796 1369 1843 eis
1405 1807 1561 1859 parata

0 1871 11 1929 g
33 1858 121 1909 fint
156 1863 340 1924 omnia,
367 1862 473 1928 quia
503 1865 635 1931 gregi
671 1862 955 1911 communia.
1026 1861 1241 1911 Melioris
1266 1861 1369 1927 spes
1399 1862 1562 1921 sortis,

0 1943 10 1982 t
40 1943 116 1977 aut
151 1930 298 1993 opimi
342 1929 526 1980 faenoris
566 1948 699 1981 aurea
727 1931 924 1992 cujusvis
960 1930 1102 1979 aetatis
1132 1930 1195 1977 est
1230 1931 1403 1999 virgula
1433 1967 1444 1991 ,
1474 1935 1564 1996 qua

0 2027 7 2056 .Δ
36 1996 207 2046 lafiatis
227 1998 348 2046 nulla
373 1996 486 2046 fiunt
512 2033 524 2055 ,
547 2016 645 2062 quae
676 1998 814 2047 ardua
851 2012 1036 2063 tempus
1064 2031 1078 2056 ‚
1118 1996 1215 2045 imo
1265 2000 1566 2064 impoffibilia

0 2084 7 2125 j
34 2063 279 2113 credulitas
305 2063 447 2114 finxit.
519 2068 648 2116 Male
670 2065 865 2115 sementi
889 2081 942 2113 ac
979 2065 1156 2114 horreis
1192 2065 1468 2118 consulueris
1490 2109 1501 2132 ‚
1530 2070 1563 2121 fi

0 2131 7 2183 ἰ
37 2131 208 2193 injusso
236 2131 371 2180 etiam
392 2149 615 2194 vomere,
654 2133 736 2182 fibi
757 2152 847 2199 quo
880 2134 1055 2183 viclitet
1078 2169 1089 2190 ,
1127 2132 1383 2185 adfuturum
1427 2134 1565 2201 spon-

0 2215 3 2252 l
43 2199 149 2248 deat
184 2201 393 2264 quisque.
459 2202 713 2251 Hefflzrem
736 2204 911 2251 nullum
940 2216 1014 2251 aut
1042 2201 1281 2266 Scipiadas
1319 2222 1425 2253 cum
1443 2209 1566 2257 Grae·

0 2265 11 2331 ‚i
43 2268 111 2318 cis
143 2270 287 2317 Roma
313 2267 520 2331 jae’sabit,
556 2270 637 2318 ubi
667 2289 746 2335 par
770 2271 936 2321 Martis
959 2270 1238 2334 stipendium
1267 2271 1382 2321 feret
1408 2276 1568 2338 virtus,

9 2334 12 2340 ’
44 2334 95 2384 ἃ
126 2335 321 2403 ignavia.
394 2339 533 2387 Pallas
550 2337 645 2405 ipsa
674 2341 825 2406 ignara
854 2340 969 2388 lucis
991 2340 1200 2404 pulveres
1220 2338 1421 2404 incolet,
1443 2342 1475 2392 fi
1494 2362 1568 2395 res

40 2404 223 2472 angusta
253 2403 385 2453 domi
429 2405 486 2453 ad
521 2408 729 2457 acuenda
763 2408 809 2456 in
834 2406 1144 2456 fabricandam
1177 2405 1349 2458 sortem
1380 2408 1569 2480 ingenia

0 2474 5 2535 J!
37 2489 131 2521 non
159 2471 386 2521 addiderit
409 2473 633 2525 stimulos.
700 2479 772 2525 En
800 2493 919 2524 nuce
941 2475 988 2524 in
1021 2493 1109 2524 una
1127 2478 1574 2533 malorumllitsen.

0 2560 6 2614 ;
41 2542 384 2608 Ignorantiam,
423 2543 704 2610 egestatem,
738 2542 966 2592 bellorum
1003 2542 1198 2603 diluvia,
1228 2543 1421 2606 famem,
1444 2548 1571 2603 orbis

0 2624 5 2654 t
45 2607 239 2660 uuivetfi
260 2609 489 2659 excidium
523 2610 751 2661 bonorum
778 2614 803 2660 εὶ
840 2614 1172 2662 communione
1206 2613 1404 2664 indusia.
1472 2620 1570 2667 Pal-

0 2694 20 2743 ιζ
47 2691 220 2725 metum
250 2675 522 2740 Respublica
549 2681 699 2729 omnis
729 2681 817 2742 est,
843 2680 930 2728 nisi
953 2680 1158 2746 presteris
1177 2679 1374 2747 singulas
1392 2718 1404 2740 ,
1430 2701 1573 2750 caput

0 2749 18 2787 ι’
52 2743 249 2791 nubibus
293 2744 509 2796 inserent
533 2766 775 2812 nunquam.
845 2749 1096 2816 Horologii
1131 2752 1292 2798 rotulae
1324 2752 1411 2799 nisi
1451 2771 1575 2819 pon·

0 2821 6 2855 ἰ
57 2809 171 2863 dere
192 2809 461 2876 firmentur,
494 2829 705 2885 tempora
732 2816 895 2866 ordine
916 2814 997 2867 suo
1039 2814 1293 2882 dispescent
1328 2835 1576 2872 numanam.

1391 2891 1521 2958 Qu
