1832 3151
320 132 403 196 68
705 123 1287 212 &cwffl

241 229 532 284 Masisniano
561 229 860 297 ingemiscat,
884 227 936 278 Sc
968 228 1265 279 seditionibus
1296 247 1351 279 ae
1383 228 1527 280 turbis
1552 248 1763 283 eommo-

240 316 287 352 ta
306 298 464 349 omnia
495 296 685 355 defleat,
713 298 763 348 ἃ
797 313 1024 364 queratur.

345 371 416 418 Ex
460 378 585 430 parte
630 365 854 415 Civitatis
894 384 1033 433 porro
1072 364 1182 431 quid
1224 363 1506 416 succeffione
1539 363 1758 427 felicium

242 451 345 488 tum
381 435 485 499 quia
515 448 695 484 veretur
729 436 932 501 populus
972 437 1017 484 in
1057 450 1164 482 eum
1205 435 1319 499 quid
1363 435 1510 501 iniqui
1545 450 1756 495 tentare„

240 521 382 572 quem
425 498 721 552 successorem
761 504 899 553 Patris
935 501 1096 560 simul,
1122 499 1172 548 c&
1198 503 1429 551 vindicem
1464 503 1596 553 norit
1619 521 1631 561 3
1658 518 1758 552 tum

236 574 341 640 quia
374 567 531 634 suapte
564 570 618 618 ad
650 571 986 630 reverentiam,
1015 568 1066 618 ἃ
1105 567 1419 618 obedientiam
1455 572 1606 638 magis
1639 571 1760 620 incli-

237 655 397 698 natur,
421 638 533 687 dum
566 656 705 689 cunas
742 641 871 706 pueri
901 640 954 688 ad
986 654 1239 704 purpuram
1272 637 1368 686 nati
1389 676 1401 698 ‚
1443 642 1466 686 a
1494 641 1631 688 LEO
1658 675 1669 696 ‚
1708 637 1760 689 ὃ(

235 723 394 759 natura
428 706 520 772 ipsa
564 705 643 754 fibi
697 711 820 756 velut
860 707 1010 777 digito
1061 705 1417 761 demonstratas,
1446 705 1496 754 ὃ(
1526 710 1757 759 erroribus

235 775 389 827 minus
427 774 676 832 obnoxias,
704 778 841 839 quam
883 777 932 826 in
970 774 1198 824 electione
1236 771 1331 822 fieri
1369 770 1540 836 soleat,
1569 776 1759 836 adorat,

236 843 289 894 δί
320 859 567 892 veneratur.
638 842 845 907 Ideoque
898 861 985 907 nee
1014 842 1283 915 indignatur
1321 858 1479 906 parere
1520 843 1588 904 ei,
1617 861 1755 908 quem

232 912 501 978 priusquam
534 911 686 960 lucem
719 910 937 971 subierit,
966 907 1086 959 nasci
1115 910 1270 968 scivit,
1303 924 1355 958 ut
1391 912 1607 975 imperet.
1643 916 1753 962 Prae·

232 994 356 1030 terea
394 980 441 1027 in
475 976 751 1029 succeslione
793 979 917 1043 abest
966 980 1201 1028 civitatum
1234 978 1371 1042 pestis
1409 977 1630 1028 discordia
1652 1015 1664 1038 ,
1701 980 1753 1029 ἃ

228 1045 427 1104 seditio,
463 1063 561 1111 quae
600 1048 648 1097 in
687 1048 912 1098 eleflione
953 1043 1157 1112 specioso
1202 1045 1423 1098 libertatis
1453 1047 1589 1095 titulo
1628 1047 1752 1098 adest

227 1116 556 1167 communiter.
644 1116 856 1167 Ambitio
893 1116 1202 1182 privatorum,
1238 1112 1288 1161 &
1325 1115 1551 1179 cupiditas
1580 1117 1754 1182 eligen·
1809 1115 1832 1161 ¹.

229 1185 375 1243 tium,
400 1181 675 1232 fastionibus
702 1183 860 1233 urbem
889 1183 1177 1243 convellunt,
1203 1200 1302 1248 quae
1335 1181 1449 1248 serpe
1486 1183 1574 1248 (ut
1606 1201 1760 1249 quon·
1806 1209 1810 1224 ··

229 1252 339 1302 dam
368 1255 603 1302 Romanos
629 1253 788 1318 Syllae,
813 1252 864 1301 &
888 1251 1099 1301 Catilina>
1124 1252 1345 1299 tumultus
1376 1250 1595 1301 libertatis
1619 1255 1750 1303 causa
1805 1260 1832 1301 2:

228 1318 444 1383 excitus)
478 1337 577 1370 non
615 1320 705 1369 nisi
734 1319 860 1372 urbis
891 1319 1073 1370 excidio
1093 1352 1109 1379 ,
1133 1316 1183 1368 ἃ
1214 1318 1387 1368 civium
1420 1317 1645 1387 sanguine
1680 1339 1751 1370 re·
1804 1347 1807 1353 ¹

224 1388 532 1456 stinguuntur.
599 1390 755 1447 Dum,
779 1391 858 1456 qui
885 1389 1108 1455 imperare
1136 1387 1366 1450 ambiunt,
1390 1389 1584 1454 opibus,
1611 1406 1756 1456 gene·
1820 1414 1832 1438 -ε

225 1473 276 1508 re
333 1456 493 1514 armis,
529 1454 579 1504 &
610 1457 773 1506 animis
808 1475 968 1523 pares,
998 1473 1084 1505 nec
1119 1455 1284 1504 cedere
1323 1456 1521 1505 invicem
1556 1459 1749 1521 volunt,
1799 1468 1832 1523 J.-

225 1540 313 1576 nee
331 1541 493 1592 regere
530 1525 615 1574 unzi
654 1524 855 1590 possunt.
943 1525 1210 1574 Eleflorum
1237 1524 1418 1573 animos
1448 1539 1523 1573 aut
1544 1539 1744 1588 terrent,

224 1606 302 1643 aut
324 1607 510 1652 emuut3
538 1591 588 1641 &
613 1595 688 1657 qui
711 1594 919 1661 eligunt,
940 1610 1034 1641 non
1055 1593 1236 1641 virtutis
1260 1593 1473 1657 (Lipsius
1488 1593 1533 1640 in
1549 1595 1744 1659 mouit.)
1816 1643 1832 1666 1

223 1660 341 1727 saepe
375 1661 599 1709 rationem
644 1661 839 1721 habent,
874 1659 952 1710 sed
995 1661 1075 1725 qni
1129 1660 1306 1710 affiestm
1328 1696 1340 1717 ,
1370 1659 1493 1726 spei,
1521 1678 1573 1709 ae
1610 1663 1742 1714 lucre

224 1728 499 1798 eligentium
525 1726 689 1789 servit3
711 1731 804 1793 jam
836 1729 973 1779 etiam
1004 1730 1263 1795 corruptela
1289 1729 1524 1793 pecuniis,
1547 1727 1747 1795 sponfio-
1793 1778 1799 1783 .
1826 1726 1832 1738 ⁴

220 1798 387 1856 nibus,
410 1814 462 1847 ac
498 1797 805 1847 matrimoniis
851 1811 1068 1847 votorum
1094 1796 1231 1846 trahit
1265 1794 1504 1864 suffiagia:
1541 1798 1748 1863 eligitur·
1796 1820 1832 1851 '3

221 1862 338 1930 due,
367 1882 469 1914 non
492 1864 569 1929 qui
595 1866 828 1930 optimus,
855 1863 904 1915 ἃ
934 1864 1253 1932 digniffimus‚
1278 1863 1354 1914 sed
1384 1867 1738 1930 potentissimus,
1790 1912 1792 1914 ,

218 1947 300 1983 'aut
330 1932 643 1994 feliciffimus‚
681 1936 810 1996 cujus
849 1933 1032 2002 ignavia
1063 1935 1349 1985 ΕΙεᾶοι-ἰὺιιε
1381 1934 1482 2000 ipsis
1509 1936 1740 2000 regnandi
1788 1994 1791 1997 ¹

217 2000 498 2068 potestatem
530 1998 643 2067 saepe
674 2002 920 2052 concedat.

327 2069 471 2119 Unde
503 2072 669 2121 merito
692 2071 885 2121 Tacitus
923 2088 966 2120 1.
993 2069 1096 2122 hist.
1118 2087 1157 2120 e.
1185 2075 1257 2133 56.
1278 2071 1456 2119 minore
1481 2070 1527 2116 di
1548 2073 1741 2123 crimine

202 2137 414 2203 ficmt’tur
451 2136 691 2204 Princeps,
727 2138 860 2205 qusint
905 2141 1128 2207 eligitur:
1163 2156 1271 2188 nam
1305 2141 1351 2187 in
1393 2139 1621 2190 elefflone
1653 2141 1737 2190 ele·

216 2208 316 2257 ἕως
347 2203 437 2271 ipse
470 2203 696 2256 obnoxius
721 2207 832 2258 vivit
856 2208 1132 2274 eligentibus
1156 2242 1167 2264 ,
1200 2221 1360 2271 utpote
1387 2224 1581 2271 quorum
1614 2209 1738 2260 votis

213 2274 358 2324 debet
390 2275 672 2339 imperium3
695 2271 747 2322 δί
781 2276 889 2324 cum
928 2277 975 2323 in
1010 2274 1096 2325 hos
1131 2272 1248 2339 saepe
1285 2274 1400 2323 nihil
1430 2274 1617 2337 audeat,
1639 2294 1734 2328 non

215 2343 331 2393 levis
355 2343 535 2403 justitia>
565 2340 612 2392 fit
636 2360 836 2391 remora·
908 2342 1033 2391 Cum
1057 2360 1199 2407 porro
1232 2341 1400 2392 liberos
1426 2341 1531 2392 suos
1561 2345 1585 2391 a
1609 2361 1733 2393 mor·

212 2424 262 2460 te
298 2412 342 2458 in
369 2409 579 2459 ordinem
607 2410 753 2479 redigi
782 2409 913 2476 posi‘e
932 2412 1110 2460 noverit
1129 2445 1140 2467 ‚
1178 2408 1388 2476 deglubit
1415 2428 1611 2479 regnum
1640 2429 1732 2461 ma·

210 2478 301 2542 jori
333 2476 510 2540 studio,
551 2494 598 2528 ut
627 2476 716 2529 suis
758 2479 990 2535 corradat3
1024 2477 1073 2527 ἃ
1109 2477 1289 2527 insolita
1323 2478 1525 2547 dignitas
1555 2478 1729 2530 animos

212 2543 396 2596 suscitat
422 2547 477 2595 ad
516 2547 779 2596 audendum
809 2548 852 2596 in
885 2545 1003 2595 suos.
1065 2548 1151 2595 Vel
1178 2545 1299 2595 certe
1319 2582 1329 2604 ‚
1350 2562 1398 2594 nt
1419 2545 1510 2594 filio
1530 2563 1727 2614 regnum

212 2613 431 2671 stabiliat,
452 2616 633 2664 venales
662 2616 769 2664 emit
794 2615 974 2664 animos
991 2650 1001 2670 ,
1028 2614 1311 2664 nundinarur
1336 2614 1515 2662 favores
1538 2612 1588 2662 ἃ
1613 2614 1726 2663 ami·

211 2684 344 2733 citias
372 2686 502 2731 Pater
523 2718 534 2740 ,
566 2702 649 2747 per
670 2702 778 2747 quas
813 2685 1106 2749 procantibus
1144 2682 1310 2732 exteris
1343 2698 1537 2746 regnum
1574 2683 1725 2747 praeri·

211 2751 327 2815 piat.
401 2754 468 2799 Ex
510 2753 672 2815 quibus
709 2751 740 2799 si
782 2753 976 2816 partium
1017 2751 1160 2799 studio
1187 2751 1412 2816 eligantur
1442 2751 1628 2815 plures,
1663 2767 1727 2802 vae

210 2816 522 2885 Reipublicae!
560 2819 628 2869 Ut
669 2819 801 2875 seusu:
843 2818 1097 2890 Imperium
1141 2820 1473 2867 Germanorum
1524 2818 1725 2936 οέΙαὶηξὶο
1778 2823 1805 2861 vf

1582 2903 1655 2936 en·
