1832 3151
521 110 1102 198 ξὲ>ἓέ<0)ἕ<ἐὲ
1418 131 1490 192 19

29 215 298 280 tormentis,
331 213 446 282 quid
496 213 563 264 rei
600 213 813 263 familiari
854 214 1005 264 minus
1042 215 1340 269 necessarium
1366 256 1379 281 ‚
1415 224 1572 274 minus

28 286 312 351 Reipublicae
345 283 704 349 opportunum?
737 281 939 348 Legibus
967 283 1188 347 fundatae‚
1222 288 1384 347 aust-ae,
1408 309 1572 356 prove.

35 353 206 420 &aecjue
237 351 398 402 stetere
429 350 739 415 Respublicae,
763 368 863 400 non
891 352 1107 401 nostibus
1135 354 1372 414 ejusmodi
1397 397 1410 420 ‚
1454 377 1567 425 quas

31 424 104 474 vel
135 422 281 472 Attica
308 419 463 469 omnis
499 417 583 467 suo
619 435 727 468 cum
758 417 988 469 Athenaeo
1013 420 1216 486 ignoret.
1283 429 1350 475 At
1377 426 1571 492 Sapien.

33 505 130 541 tum
168 489 349 538 calculo
377 487 545 536 iisdem
574 486 671 536 fere
705 483 958 537 confistunt
986 523 998 546 ‚
1037 491 1356 558 augentt'irque
1401 499 1570 561 princi.

30 559 121 626 piis
147 557 330 615 omnia,
357 555 526 622 quibus
555 555 748 620 caepere.
825 555 954 624 Quid
979 557 1284 624 Pythagoraeo
1321 561 1483 614 silentii
1505 566 1570 616 se-

29 627 225 692 ptennio
262 623 614 674 Paterfamilias
639 625 788 688 pariat
821 623 988 672 domi?
1025 627 1134 689 quid
1170 626 1570 687 lucubrationibus

27 695 202 744 diurnis
231 692 264 742 fi
284 695 333 743 in
358 690 589 759 suppetias
617 693 775 741 nocies
811 704 935 758 petat
963 694 1199 757 Bellidux,
1245 700 1396 750 aclura
1435 720 1570 755 arena

31 763 133 813 est?
169 763 306 812 Enim
334 761 470 821 vero,
495 777 644 827 neque
674 760 1015 824 terminorum,
1056 779 1109 811 ac
1135 761 1442 820 subtilitatum
1472 773 1572 823 acie

30 830 174 896 (pene
190 869 202 893 ‚
235 829 361 895 quod
385 846 458 879 res
484 842 604 888 erat,
634 827 857 892 dixerim,
884 847 1156 880 aranearum
1174 834 1299 902 telis)
1318 839 1572 893 Palaestram

28 900 199 953 Martis
230 897 359 950 saluti
384 896 575 960 Patriae,
602 913 754 961 neque
775 894 943 947 sancita
965 896 1165 950 Codicis
1189 906 1344 954 tutelae
1372 907 1568 974 urbium,

26 986 182 1033 neque
207 968 368 1018 Galeni
399 965 572 1031 placita
604 965 914 1016 incolumitati
940 966 1164 1032 publicae,
1199 989 1250 1021 ac
1278 988 1466 1025 tuorum
1497 996 1570 1029 ex.

29 1037 207 1103 pedies.
277 1040 456 1086 AEtates
485 1031 640 1090 censt,
674 1032 816 1082 fastos
847 1033 1064 1098 consule,
1096 1036 1196 1087 sors
1228 1042 1388 1092 eadem
1416 1046 1570 1096 Philo.

31 1103 207 1171 sophiae
239 1105 263 1151 ὲ
290 1104 431 1154 veteri
465 1101 542 1151 cst.
628 1101 927 1151 Phcerecides
954 1137 966 1161 ‚
1006 1107 1352 1174 Empedocles,
1391 1114 1570 1184 Dioge-

27 1190 144 1232 neS,
169 1172 410 1230 Socrates,
453 1172 711 1235 caeteraque
745 1167 1078 1222 somniantium
1115 1177 1312 1228 nomina
1352 1182 1465 1245 quid
1487 1201 1572 1236 un·

29 1240 205 1308 quam?
231 1258 287 1289 an
313 1255 415 1289 non
443 1254 517 1288 res
553 1237 744 1305 angusta
770 1237 939 1289 domi?
965 1244 1178 1307 nunquid
1207 1261 1334 1298 curta
1363 1246 1572 1317 supellex

30 1308 281 1360 omnibus?
323 1307 568 1357 Nimirum
593 1306 802 1365 umbris,
840 1323 961 1374 quos
1000 1312 1154 1373 placet
1186 1314 1337 1379 pasci,
1362 1334 1441 1370 aut
1461 1338 1571 1373 ven-

26 1378 87 1429 tis
103 1378 291 1445 gloriae‚
320 1376 586 1426 mortalium
613 1374 763 1425 studia
784 1373 856 1426 his
881 1373 1071 1429 censum
1092 1397 1190 1431 non
1216 1382 1382 1436 ferunt.
1453 1390 1572 1442 Non

30 1446 258 1513 probatur
286 1445 378 1493 illis
411 1443 540 1503 fere,
579 1443 712 1510 quod
754 1444 882 1493 orbis
916 1445 1136 1498 sententia
1167 1451 1257 1502 est:
1285 1458 1388 1518 jure
1410 1459 1570 1523 proin.

30 1515 95 1565 de
124 1513 213 1564 fine
247 1510 495 1564 ostracismi
530 1514 662 1580 lege,
706 1513 896 1563 talionis
941 1514 1066 1580 Fato,
1112 1535 1277 1570 eorum
1313 1525 1439 1586 juxta
1475 1545 1572 1578 non

30 1582 287 1652 probantur
319 1582 421 1631 orbi
452 1581 615 1631 studia.
698 1583 926 1647 Quoties,
955 1584 1037 1648 qui
1069 1587 1419 1651 pt·of·ndiffima
1443 1610 1574 1647 natu·

29 1669 93 1704 1·ae
126 1650 281 1703 abdita
303 1648 403 1702 suas
428 1649 545 1700 inter
577 1649 712 1700 Stoas
740 1664 876 1716 atque
903 1652 1170 1718 Pei-ipatum
1194 1659 1344 1709 rimati
1367 1661 1568 1727 felicius,

31 1719 302 1771 caecutivere
331 1719 387 1769 ad
409 1717 621 1787 fingula?
649 1718 795 1767 Domi
826 1720 1015 1784 aquilae,
1051 1724 1183 1789 talpae
1212 1730 1420 1789 publico.
1508 1737 1570 1784 Et

31 1789 202 1840 horum
240 1788 418 1838 austero
451 1787 628 1837 silentio
655 1826 668 1850 ‚
706 1787 972 1837 Catoniano
1016 1787 1295 1855 supercilio,
1342 1797 1570 1865 absorptis

30 1857 232 1924 ingeniis
259 1856 473 1915 fortuna,
513 1854 894 1924 gratiae,occafio
927 1855 1109 1908 faveat?
1147 1862 1321 1927 quibus
1356 1866 1451 1916 fere
1489 1887 1572 1935 pa·

28 1940 183 1976 tantur
204 1925 428 1987 fortunae‚
460 1923 577 1974 stant
604 1941 756 1972 rerum
789 1924 1084 1989 publicarum
1107 1931 1300 1994 perinde
1332 1952 1386 1985 ac
1424 1939 1575 2001 priva.

31 2007 183 2045 tarum
209 1993 464 2058 impendia.
533 1992 705 2042 Videas
736 1993 942 2057 proinde
959 1997 1159 2049 monstra
1181 1997 1429 2054 hominum
1451 2008 1570 2063 eius.

36 2062 175 2112 modi
212 2061 289 2111 vili
321 2061 415 2109 fere
457 2061 638 2110 lacerna
685 2060 761 2110 vix
807 2061 980 2110 offibns
1016 2065 1242 2117 rodendis
1278 2071 1384 2121 satis
1413 2073 1522 2124 dare
1553 2094 1568 2136 3

31 2131 212 2182 nedum
239 2130 473 2187 Politieis,
506 2128 669 2187 bellis,
702 2143 775 2178 aut
801 2128 1060 2181 forensibus
1092 2150 1198 2200 apta
1225 2138 1404 2191 studiis.
1445 2146 1566 2211 Qa·

33 2198 67 2249 fi
91 2199 202 2250 verb
235 2199 304 2249 vel
339 2197 395 2247 eo
428 2197 662 2262 impotes,
696 2198 801 2264 quia
835 2198 950 2248 dum
978 2201 1208 2265 poliendo
1238 2207 1404 2257 intenti
1439 2213 1484 2261 in
1525 2231 1573 2263 e·

31 2268 142 2330 nio,
176 2265 385 2325 fidei-ati,
422 2265 649 2331 absorpti,
689 2266 844 2317 enthei
871 2269 1067 2319 evasere.
1136 2275 1262 2324 Dum
1292 2281 1456 2329 contra
1499 2298 1575 2332 ex.

34 2350 280 2386 centorum
311 2333 480 2396 hodie,
510 2336 719 2400 praxim,
751 2352 851 2384 non
883 2336 1248 2401 speculationem
1283 2348 1572 2410 colentium,

34 2408 170 2454 urbes
213 2402 265 2452 &
300 2420 444 2471 regna
483 2403 786 2453 moderantur
826 2405 1036 2465 consilia3
1069 2427 1204 2475 gazas
1232 2428 1394 2465 omnes
1426 2416 1571 2467 fortu-

34 2489 104 2524 nae
126 2508 138 2531 ‚
177 2469 229 2521 ἃ
262 2471 359 2521 auri
389 2472 511 2520 rivus
538 2471 742 2531 inaurat,
773 2470 1038 2523 felicior-um
1070 2477 1138 2525 vel
1170 2479 1228 2528 eb
1248 2514 1263 2540 ,
1303 2483 1434 2549 qubd
1465 2487 1571 2540 Ari,

34 2540 247 2593 stotelem
284 2540 343 2592 ne
372 2539 537 2605 primis
567 2539 757 2605 quidem
793 2540 932 2591 labris
960 2542 1259 2614 degustarint.

499 2640 1091 2702 AFF1RMATuR.

123 2742 228 2790 One
259 2738 448 2791 tandem
469 2737 739 2795 abieffionis
770 2733 1046 2784 deventum?
1075 2748 1126 2783 ut
1145 2732 1195 2785 su
1234 2755 1282 2785 ra
1303 2750 1573 2802 promptua-

158 2810 223 2859 ria
246 2807 298 2859 &
328 2796 537 2860 caminos
566 2824 649 2872 par
682 2801 901 2854 fidet-ibus
928 2801 1036 2870 ipfis
1058 2821 1151 2854 nou
1188 2754 1330 2873 &piat
1365 2806 1548 2924 aniimus
1567 2848 1582 2871 ,

756 2876 789 2922 Β
831 2888 856 2921 2
1433 2892 1515 2927 um
