1832 3151
321 121 396 183 54
741 103 880 189 ἓξὲξ
927 102 958 184 (
1001 123 1044 167 0
1089 102 1119 183 )
1167 104 1307 190 Q}

337 229 774 324 QUAESTIO
826 231 1674 306 ETfflCO-POLITICA.

262 361 702 447 Utrmnfl’licius
715 364 875 501 'figi
900 363 1100 448 gratis?
1118 362 1395 445 Principis
1422 407 1440 439 ,
1467 384 1543 425 an
1554 362 1737 446 plebis
1753 409 1775 441 ‚
1823 391 1832 425 ι

824 452 857 481 ‘⁶
891 452 1221 516 Optimatum?

351 566 503 627 PRO
562 564 861 637 ΡιΕΒΕ,
920 582 1008 624 ET
1071 566 1674 630 OPTIMATtssus.

408 690 609 755 Ncipitis
635 705 705 738 res
728 690 864 752 plena
893 687 956 737 est
988 689 1118 746 aleae,
1157 685 1301 736 fidere
1341 689 1536 738 malaciae
1568 725 1580 749 ‚
1617 690 1778 743 favore

255 695 395 859 Α
448 757 526 808 suo
552 756 699 825 syrtes
725 757 918 823 tegenti.
990 756 1126 805 Ridet
1168 773 1269 805 aura
1306 790 1319 814 ‚
1357 755 1408 804 &
1443 761 1578 821 pleno
1616 758 1777 810 favore

447 829 546 877 vela
590 825 914 890 prosequitur,
966 824 1077 872 dum
1113 823 1285 888 perdat.
1357 824 1478 873 Lufit
1521 824 1775 876 Narcissum

253 896 435 948 reddita
459 895 508 945 in
531 894 661 958 aquis
692 893 869 951 forma,
896 890 973 940 sed
992 890 1141 942 forma
1165 894 1284 942 varia
1305 891 1478 941 delusit.
1515 895 1778 944 Illuminant

252 967 415 1015 orbem
443 977 682 1013 momento
704 960 916 1026 fulgura,
947 957 1020 1008 sed
1048 960 1251 1026 procella
1287 977 1444 1010 comes
1468 961 1546 1009 est.
1619 961 1744 1013 Cave
1765 998 1778 1022 ‚
1807 984 1810 987 ’

252 1032 366 1082 dum
397 1035 541 1098 pleno
566 1030 678 1081 orbe
714 1028 796 1078 tibi
818 1031 942 1079 Luna
973 1028 1147 1095 fulget,
1183 1028 1388 1077 durabile
1410 1028 1521 1078 nihil
1549 1030 1610 1078 est
1645 1026 1777 1088 3hoc

255 1119 368 1168 auge
398 1099 655 1166 splendoris
679 1099 739 1147 est
766 1097 1128 1147 decrementum.
1169 1098 1241 1146 Sic
1272 1097 1404 1146 favor
1428 1099 1491 1146 est
1520 1098 1778 1162 Principis3
1830 1096 1832 1098 ’

252 1169 408 1238 gignit
436 1169 563 1216 illum
604 1180 792 1215 eventus
814 1204 826 1227 ,
859 1165 991 1213 laetat
1028 1165 1327 1214 inconstantia
1352 1204 1363 1226 ,
1400 1164 1492 1214 sors
1528 1183 1648 1215 caeca
1671 1183 1782 1215 enu-

252 1239 351 1288 trit.
425 1236 609 1305 Quanto
643 1236 812 1294 tutior,
850 1234 924 1298 qui
972 1233 1310 1296 Optimatibus‚
1347 1234 1424 1299 qui
1456 1235 1597 1302 vulgo
1631 1232 1781 1284 fidat!

254 1306 524 1363 Arduitate,
557 1300 609 1351 &
631 1303 840 1368 periculo
876 1319 968 1350 non
990 1317 1110 1350 caret
1146 1301 1288 1368 gratia
1317 1304 1555 1366 Principis.
1614 1303 1783 1352 Ardui·

254 1389 348 1425 tate
367 1408 379 1430 ‚
403 1372 507 1437 quia
541 1384 589 1420 ut
623 1371 754 1420 unius
785 1368 868 1418 tibi
893 1367 1023 1418 favor
1058 1370 1228 1420 arideat
1250 1404 1260 1427 ‚
1285 1370 1455 1432 jactura
1480 1370 1700 1437 myriadis
1718 1371 1783 1422 est

251 1441 474 1492 facienda.
543 1438 660 1488 Non
699 1438 789 1488 alio
824 1436 906 1485 tibi
934 1455 1118 1502 gemma
1157 1436 1256 1486 haec
1293 1440 1466 1489 venalis
1497 1439 1559 1488 est
1597 1441 1775 1504 pretio,

252 1512 390 1576 quam
417 1508 562 1575 plebis
578 1522 682 1566 ,aut
705 1507 995 1571 Optimatum
1016 1507 1198 1562 invidia,
1216 1505 1327 1553 odio
1352 1525 1600 1556 murmure.
1622 1506 1780 1573 Ipsum

251 1578 496 1647 ingenium
519 1577 702 1633 docile,
732 1574 824 1637 ipsa
861 1575 1051 1640 gratiam
1091 1573 1359 1622 demerendi
1396 1574 1642 1625 dexteritas
1674 1593 1783 1624 cen-
1828 1612 1832 1615 -

251 1644 403 1696 suram
429 1646 604 1710 patitur.
680 1643 770 1710 Qui
804 1641 1013 1693 Achates
1032 1642 1254 1705 principi,
1293 1656 1420 1706 petra
1458 1641 1551 1690 fere
1584 1642 1781 1693 scandali

258 1713 321 1764 est
348 1717 489 1783 vulgo
520 1732 530 1762 z
554 1729 751 1777 quorum
769 1746 783 1769 ‚
810 1710 858 1759 ut
880 1724 1052 1758 certum
1077 1710 1140 1759 est
1173 1711 1220 1758 in
1255 1724 1528 1774 contemptu
1564 1713 1785 1760 Placenti-

253 1799 424 1833 norum
451 1782 690 1849 ingenium
711 1819 722 1841 ,
750 1780 793 1827 in
823 1795 1019 1841 quorum
1050 1794 1236 1828 omnem
1255 1776 1445 1845 figuram
1469 1777 1512 1826 se
1543 1777 1703 1847 fingit,
1721 1778 1784 1829 fic

256 1851 305 1900 in
332 1850 445 1898 odio
473 1848 670 1899 ferreum
691 1886 703 1907 ,
727 1846 850 1909 quod
879 1848 1011 1896 unius
1043 1845 1088 1896 se
1121 1847 1240 1896 flesti
1277 1845 1463 1896 arbitrio
1494 1848 1623 1895 nolit.
1695 1857 1782 1897 Ar·
1806 1848 1809 1851 ’

259 1918 348 1967 dua
371 1934 442 1966 res
480 1916 621 1966 favori
645 1917 776 1966 unius
799 1914 1125 1976 nundinando,
1159 1931 1349 1964 omnem
1376 1914 1580 1975 ejusdem
1603 1915 1783 1964 mentiti

257 1987 470 2036 asteelum
496 2020 506 2042 ,
531 2001 693 2034 nutum
723 1981 968 2048 prosequi,
1008 1983 1251 2051 ptaevenire
1270 1982 1472 2032 animum
1507 1999 1520 2040 3
1549 1999 1607 2032 eo
1643 1982 1800 2032 faeno-‘

258 2072 309 2104 re
327 2090 339 2112 ‚
365 2067 414 2103 ut
438 2054 661 2118 placitum
688 2053 848 2113 unius,
880 2051 1074 2121 vectigal
1101 2051 1151 2100 fit
1187 2049 1448 2101 inevitabile
1483 2049 1580 2098 odii
1607 2051 1807 2102 univer-l

256 2122 361 2173 salis
430 2121 545 2171 Odit
566 2121 659 2171 fere
688 2122 920 2184 placentes
954 2123 1180 2184 populus,
1215 2117 1338 2184 quafi
1368 2121 1476 2167 vero
1510 2120 1673 2168 vulnus
1697 2120 1744 2168 id
1766 2155 1780 2181 ,

257 2190 310 2239 ἃ
337 2190 531 2253 sentiat,
570 2189 620 2238 &
656 2188 858 2238 vindicet
892 2221 905 2247 ,
946 2188 1072 2252 quod
1110 2189 1269 2237 oculus
1295 2187 1550 2252 Principis,
1583 2188 1633 2236 ut
1676 2186 1782 2240 solis

257 2259 411 2309 radius
440 2257 655 2308 omnibus
687 2256 869 2305 debitus
899 2254 997 2312 ,fiat
1025 2253 1103 2304 seu
1136 2254 1310 2304 furtum
1335 2294 1345 2315 ,
1380 2253 1455 2303 seu
1497 2255 1779 2321 mancipium

256 2327 409 2376 unius.
466 2325 687 2377 Acceffits
717 2323 772 2373 ad
797 2336 947 2370 ortum
969 2361 980 2383 ,
1007 2322 1061 2370 ab
1098 2323 1343 2372 occidente
1376 2322 1569 2372 recess‘us
1589 2324 1652 2373 est
1678 2347 1691 2384 3
1718 2324 1777 2374 fic

261 2396 405 2462 gratia
430 2392 674 2459 Principis,
700 2390 1058 2454 &Optimatum
1087 2425 1098 2449 ,
1126 2408 1177 2439 ac
1203 2392 1327 2458 vulgi
1354 2390 1462 2440 odia
1480 2389 1574 2439 fere
1595 2392 1691 2441 sunt
1711 2409 1780 2440 re·

258 2463 408 2512 lativa.
476 2462 588 2513 Illos
615 2460 843 2513 aemulatio
868 2494 877 2516 ‚
910 2457 994 2507 hos
1022 2459 1184 2522 opinio
1209 2461 1472 2510 inflammat.
1543 2461 1777 2526 Qantum
1804 2453 1808 2478 ³

259 2529 415 2597 gratiae
433 2563 446 2587 ,
482 2529 532 2577 &
571 2527 813 2579 commodi
837 2526 915 2574 fibi
942 2540 1142 2576 meretur
1173 2527 1480 2592 beneplacens
1512 2525 1605 2575 fide
1624 2563 1635 2585 ,
1677 2527 1780 2576 offi·
1804 2530 1807 2549 ¹

260 2599 344 2646 ciis
365 2632 376 2653 ‚
407 2597 586 2657 studi03
623 2597 797 2646 tantum
822 2593 903 2642 suo
933 2592 978 2641 se
1008 2595 1203 2645 credunt
1224 2594 1416 2644 fraudari
1437 2630 1448 2653 ‚
1472 2596 1547 2659 qui
1571 2594 1777 2647 defecius
1804 2613 1807 2621 ⁴

262 2665 369 2716 suos
413 2666 563 2714 alieno
599 2666 750 2714 metiri
790 2661 939 2711 solent
977 2661 1278 2712 incremento.
1372 2663 1551 2728 Vulgus
1581 2665 1807 2724 εοιηϊὲ,ἶ

260 2733 487 2798 quidquid
509 2732 676 2783 adversi
705 2730 981 2796 Reipublicae
1013 2729 1225 2790 obvenit,
1252 2729 1436 2795 Cynico
1467 2730 1603 2780 dente
1635 2732 1682 2780 in
1710 2731 1777 2780 fe-

259 2802 370 2852 lices
401 2800 630 2866 ejusmodi
660 2801 898 2864 coiijedat.
972 2797 1204 2850 Sinistram
1247 2814 1393 2866 regno
1431 2799 1592 2861 jecerit
1632 2799 1779 2849 aleam

1616 2868 1715 2918 Bel-
