1832 3151
338 90 424 166 84
745 77 1320 165 fflwffleae

261 183 418 242 Rum,
443 178 686 230 sistendum
719 179 782 228 est
821 195 1088 242 nunquam,
1117 192 1195 227 aut
1233 176 1577 229 differendum:
1607 180 1668 229 ne
1701 177 1800 231 fors

257 251 420 302 infelix
442 267 620 299 moram
652 247 876 313 excipiat,
913 260 1052 312 atque
1085 245 1203 296 adeo
1250 246 1370 296 fama
1402 249 1469 296 tui
1501 261 1651 297 cantet
1683 247 1797 299 ludi-

258 319 441 370 brium:
484 315 808 381 imperfectum
838 313 926 365 esse
956 332 1074 381 opus
1099 351 1110 373 ,
1152 315 1257 380 quia
1292 314 1499 365 dilatum.
1606 317 1798 369 Romam

260 386 438 453 specta,
470 387 613 434 crevit
637 401 806 450 opere,
845 400 943 431 non
967 381 1163 433 consiliis
1201 381 1432 449 segnibus.
1514 383 1562 433 Si
1595 400 1684 449 qua
1712 385 1797 434 lte-

260 475 379 526 gmn
414 458 498 502 dos
537 454 750 517 propria,
813 450 1196 518 fastigioeorum
1229 453 1370 518 digna
1400 453 1581 519 gloria,
1614 452 1676 501 est
1698 469 1798 502 exe-

258 524 387 576 cutio
420 522 594 579 facilis,
629 519 680 569 &
711 520 945 575 alacrita83
976 519 1191 578 tarditas,
1225 520 1328 584 quia
1352 521 1480 569 lento
1509 520 1665 569 nititur
1695 538 1798 587 gra.-
1826 564 1827 567 ,

258 592 354 651 du,
384 590 533 639 servos
564 588 724 650 decet,
751 586 802 637 ἃ
827 588 1028 637 testatur.
1096 591 1244 652 Repat
1271 587 1460 636 testudo
1482 587 1644 647 humi,
1676 604 1800 638 eme·

257 662 405 710 tietur
436 660 588 707 leucas
611 656 806 706 fiderum
834 655 1066 722 Princeps.
1158 657 1239 705 Sol
1261 659 1429 723 Regno
1464 658 1684 722 Princeps
1718 657 1797 709 est.
1826 698 1827 707 ,

257 730 388 782 Illius
424 727 597 776 lumine
632 724 785 786 orbis,
817 723 951 787 hujus
984 721 1174 774 consilio
1211 725 1410 792 regitur,
1437 720 1663 784 servatur,
1690 724 1794 775 bea·
1821 771 1826 775 ,

256 811 350 847 tur.
420 799 495 846 Da
533 793 616 842 soli
649 792 908 843 tarditatem
932 828 944 852 ,
971 792 1028 841 da
1066 792 1264 841 eandem
1295 792 1527 858 principi:
1575 811 1674 858 quae
1694 791 1825 844 tum*

258 863 388 915 orbis
414 862 537 913 fata?
570 863 802 931 languore
835 858 1104 926 torpescent
1141 861 1313 909 omnia.
1382 861 1686 925 Ampliffimae
1706 896 1718 920 ,
1743 861 1832 919 uss

254 931 358 984 sunt
393 948 652 999 regnorum
684 945 830 991 curte,
865 927 962 995 ipso
985 945 1137 978 rerum
1170 929 1411 993 pondere,
1445 927 1496 978 &
1527 930 1694 980 affluxu
1716 927 1830 1003 110⁴)

256 1018 456 1058 vorum,
491 998 604 1062 quid
632 999 721 1047 nisi
748 996 1049 1066 negliguntur
1074 995 1255 1046 dilatae?
1288 1013 1347 1046 eo
1387 996 1578 1060 faenore,
1617 998 1691 1047 vix
1727 1005 1832 1062 1·e·j};5

263 1070 455 1121 staurari
498 1067 667 1118 faeculis
706 1064 825 1130 saepe
860 1066 1054 1134 integris
1082 1065 1234 1129 poffe,
1267 1063 1394 1129 quod
1428 1064 1544 1114 hora
1577 1061 1826 1132 neglexith

257 1142 335 1190 Tu
376 1154 518 1204 ergo,
569 1134 602 1183 fi
637 1135 831 1202 gloriam
866 1173 878 1195 ,
922 1134 956 1182 fi
991 1132 1341 1200 Rempublicam
1393 1132 1583 1200 diligis,
1621 1129 1830 1198 maturitii

254 1205 432 1273 delige.
503 1209 615 1273 Qtae
648 1206 769 1265 lenta
801 1201 1032 1252 cuduntur
1059 1237 1072 1260 ,
1114 1200 1292 1252 tametsi
1325 1202 1522 1269 grandia
1553 1203 1665 1261 sint,
1716 1201 1823 1279 autff'

255 1273 543 1325 executionis
581 1271 871 1320 difficultates
911 1271 1149 1335 patiuntur
1182 1308 1193 1331 ,
1247 1269 1431 1319 obicem
1469 1270 1692 1321 statuente
1723 1270 1817 1335 veh⁴

254 1342 388 1394 hoste
409 1377 421 1399 ‚
458 1344 529 1391 vel
549 1339 749 1398 invidia3
786 1351 864 1388 aut
894 1338 1019 1390 certe
1046 1337 1270 1387 successus
1291 1338 1322 1387 fi
1354 1338 1576 1399 habeant,
1607 1338 1817 1402 aestima--j

256 1414 382 1460 tione
409 1407 460 1458 &
484 1425 648 1459 amore
671 1423 825 1458 carent
852 1408 1008 1471 aliquo
1032 1407 1163 1472 ,quia
1185 1406 1550 1473 expectationem
1569 1423 1665 1457 non
1687 1417 1821 1471 praesst

258 1493 463 1528 vertunt.
499 1476 787 1542 lnexpeetata
815 1475 1031 1525 duntaxat
1056 1475 1412 1525 admirationem
1429 1475 1578 1538 cient3
1603 1468 1814 1542 &quOdF

252 1548 569 1615 consequens,
604 1544 637 1595 fi
670 1544 799 1594 utilia
833 1543 946 1605 fint,
978 1545 1114 1593 etiam
1143 1561 1367 1594 amorem.

767 1681 941 1741 PRo
985 1680 1287 1744 TARDO.

335 1831 556 1879 Raecoces
582 1823 754 1876 fruSius
781 1821 879 1874 fere
918 1839 994 1876 aut
1016 1824 1222 1875 diuturni
1263 1821 1486 1887 minime,
1507 1836 1585 1874 aut
1618 1819 1807 1885 nocivi:¹

377 1897 603 1948 Afficiunt
637 1894 840 1946 novitate
863 1890 1041 1943 sensum
1059 1929 1072 1953 ‚
1102 1912 1199 1944 non
1227 1891 1388 1942 fovent
1407 1931 1419 1955 ‚
1459 1907 1534 1942 aut
1563 1892 1809 1944 roborants

249 1966 371 2016 vires
413 1964 658 2013 soliditate.
727 1965 795 2011 Ut
832 1977 966 2022 aetas,
992 1979 1090 2026 qua?
1123 1960 1345 2027 praefipit,
1382 1961 1483 2010 raro
1523 1960 1637 2027 sapit
1666 1976 1807 2026 tum„

254 2034 365 2084 cum
400 2031 601 2082 maxme
641 2045 893 2096 oporteret.
966 2030 1224 2081 Hebetatur
1257 2044 1434 2094 nempe
1474 2032 1815 2094 p1··;ecocipar·=

247 2115 299 2152 tu
335 2101 403 2151 vis
439 2100 644 2170 ingenii,
688 2118 737 2149 ac
772 2099 978 2163 spiritus,
1015 2116 1092 2149 aut
1115 2100 1395 2166 extinguitur
1426 2098 1626 2162 penitus,
1696 2101 1793 2148 Ve-

247 2187 303 2220 ro
332 2170 412 2218 illo
448 2173 625 2219 Poetae:
650 2168 771 2218 hunc
807 2168 983 2215 tantum
1010 2168 1139 2216 terris
1176 2164 1424 2215 ostendent
1446 2165 1537 2214 fata
1558 2206 1571 2229 ,
1602 2184 1694 2216 nec
1721 2167 1792 2216 ul·

246 2240 317 2287 tra
348 2237 437 2287 effe
474 2236 630 2287 fiuent.
701 2235 858 2284 Laudo
889 2235 1087 2299 proinde
1118 2237 1340 2292 alacrem,
1377 2251 1639 2298 praecocem
1667 2252 1788 2286 nun·

247 2323 404 2371 quam.
475 2305 698 2354 Celet-itas
735 2304 864 2352 illum
898 2304 1223 2363 commendat,
1257 2301 1379 2351 huuc
1422 2305 1652 2353 temeritas
1684 2302 1788 2352 red-

246 2373 318 2423 dit
352 2375 649 2438 culpabilem.
717 2371 856 2421 Celer
897 2372 994 2420 esto
1043 2370 1248 2436 semper,
1294 2388 1531 2437 nunquam
1565 2387 1787 2437 praecePS.

246 2443 360 2493 Alas
390 2441 603 2511 magistra
633 2459 787 2490 rerum
816 2456 972 2490 natura
1004 2441 1186 2507 negavit
1215 2438 1400 2489 homini
1424 2477 1433 2498 ‚
1459 2438 1631 2488 tametsi
1658 2439 1787 2490 Prin·

245 2526 359 2574 ceps
400 2508 453 2559 sit
493 2510 647 2567 orbis,
681 2509 824 2575 pedes
862 2509 1019 2567 dedit3
1064 2522 1110 2556 ut
1147 2507 1366 2562 doceare,
1401 2523 1487 2557 nec
1529 2508 1781 2559 volandum

245 2578 334 2627 este
371 2577 587 2633 homini,
620 2597 705 2627 nec
737 2579 1006 2643 rependum.
1079 2577 1186 2643 Sagi
1208 2590 1247 2624 ta
1277 2578 1375 2624 esto
1407 2578 1655 2626 terminum
1692 2593 1780 2640 pe-

243 2657 377 2705 tens,
409 2647 453 2696 in
480 2663 622 2710 quem
653 2645 779 2709 prius
813 2643 1030 2695 consulto
1062 2647 1247 2706 librata,
1285 2662 1437 2708 neque
1473 2658 1628 2693 tamen
1662 2644 1782 2696 solis

243 2714 343 2763 alis·
376 2713 591 2763 instructa
626 2749 638 2772 ,
678 2713 842 2778 quibus
877 2731 1027 2762 auram
1063 2726 1276 2779 permeet
1318 2747 1330 2768 ,
1373 2710 1448 2759 scd
1487 2711 1538 2761 ἃ
1567 2712 1686 2761 fero
1713 2730 1781 2762 ar-

242 2796 365 2834 mata
393 2818 407 2844 ,
454 2800 548 2850 quo
584 2781 821 2834 velocitati
856 2781 1042 2847 pondus
1088 2780 1199 2832 adlit
1241 2779 1512 2832 moderatio.
1587 2783 1781 2835 Faveant

1579 2867 1723 2918 quam
