1832 3151
353 71 465 142 186
741 66 880 156 iffi
926 76 959 152 (
1002 70 1126 155 ΘΔ”)
1170 71 1314 160 ἕζέἔΐ·

262 171 422 222 medio
436 168 567 221 tollat
590 204 603 229 ,
636 167 771 220 instar
794 169 1027 241 spongiae,
1055 190 1192 238 quam
1223 187 1429 227 arentem
1459 174 1666 257 sanguini
1688 217 1697 235 ‚
1723 176 1776 229 ἃ

258 240 429 289 divitiis
453 238 791 288 Provinciarum
809 253 998 310 'mergat
1017 277 1031 303 ,
1063 256 1115 291 ut
1148 247 1333 310 plenam
1360 245 1577 313 praedari,
1620 248 1671 298 &
1701 264 1777 299 ex-

262 306 464 372 primere
488 306 680 372 impune*
707 308 862 370 poffit.

353 443 932 526 QuAESTIO
1029 447 1682 527 POLITICA.

277 569 471 633 Utrum
502 573 631 634 viro
665 568 890 656 publico
913 570 1268 652 periculossus
1288 618 1308 651 ,
1347 573 1626 658 Principis
1642 619 1661 650 ,
1699 589 1775 634 ata
1828 604 1832 622 ι

841 666 999 730 populi
1013 663 1159 725 furor
1176 666 1202 713 ?

787 791 1274 854 PR1NC1P1&

420 919 629 986 Uidquid
667 923 829 974 altiore
856 936 1017 974 natura
1038 923 1180 992 gradu
1203 923 1442 976 constituit
1459 961 1473 985 ‚
1494 922 1653 983 majori
1672 940 1779 990 pre·

457 991 540 1039 mit
570 991 777 1056 impetu,
808 994 1007 1060 graviori
1034 993 1257 1058 opprimit
1289 992 1430 1056 lapsu.
1517 992 1630 1058 Jovi
1666 1011 1773 1059 pro·

453 1058 594 1122 pior,
630 1061 825 1110 vicinior
846 1060 879 1109 fi
913 1080 1009 1112 non
1047 1060 1221 1127 lapsui,
1260 1060 1386 1112 certe
1412 1060 1574 1124 lapsfis
1595 1061 1777 1126 perieu-

261 1124 310 1173 lo
335 1124 427 1185 est,
451 1127 557 1190 quia
577 1127 774 1177 vicinior
790 1127 985 1178 fulmini.
1023 1169 1026 1171 >
1074 1128 1289 1181 Mensura
1306 1128 1568 1198 dignitatis,
1596 1125 1777 1179 mensu-

261 1210 312 1241 ra
337 1191 431 1243 fer&
458 1194 676 1258 potentiae
701 1196 790 1259 est,
838 1194 889 1247 ὃ(
923 1197 1102 1249 furoris.
1173 1199 1293 1268 Qiia
1317 1214 1464 1258 vanae,
1509 1193 1600 1245 risu
1619 1196 1777 1265 dignae

256 1257 364 1310 sunt
383 1259 474 1310 sine
498 1264 665 1312 viribus
697 1265 788 1314 irae.
836 1266 958 1315 Dum
989 1279 1210 1317 coronato
1242 1264 1387 1315 furori
1425 1281 1661 1330 nunquam
1690 1282 1784 1330 pa·

256 1341 456 1378 tentatur
481 1329 586 1380 satis
607 1366 619 1389 ,
645 1332 736 1381 nisi
759 1336 880 1384 inter
907 1335 1033 1385 busta
1057 1369 1070 1394 2
1127 1333 1179 1384 ὃ(
1205 1333 1370 1384 rudera
1416 1332 1770 1382 provinciarum.

256 1397 468 1465 Exiguos
496 1412 651 1450 movet
676 1401 881 1451 cardines
905 1436 918 1461 ,
952 1405 1059 1468 qnia
1084 1402 1230 1452 limite
1248 1402 1444 1470 cingitur
1470 1400 1657 1450 modico
1677 1401 1774 1450 vul·

257 1465 380 1532 garis
399 1464 554 1528 furor3
603 1466 765 1517 orbem
792 1468 984 1521 succutit
1006 1506 1018 1529 ,
1066 1470 1144 1536 qui
1169 1470 1367 1538 Regium
1392 1468 1564 1518 invadit
1589 1467 1769 1532 puelus.

253 1534 439 1600 Longas
458 1536 647 1604 regibus
663 1535 751 1585 esse
774 1553 932 1586 manus
955 1574 966 1597 ,
1004 1539 1171 1588 cecinit
1194 1537 1430 1601 quondam
1459 1539 1624 1593 Vates,
1646 1549 1771 1584 acer·

253 1597 408 1651 biores
428 1599 532 1653 sunt
549 1604 709 1653 animis
731 1603 1050 1666 irae‚fuhninis
1071 1607 1159 1655 ritu
1185 1603 1237 1653 ἃ
1261 1606 1466 1670 pernices
1485 1639 1498 1662 ,
1528 1603 1578 1650 c&
1607 1618 1774 1669 poten·

258 1682 344 1719 tes.
431 1673 511 1722 Vae
530 1672 658 1721 orbi!
697 1669 729 1721 fi
753 1672 973 1736 quantum
995 1674 1057 1724 ira
1080 1670 1259 1723 suaserit
1284 1707 1296 1732 ,
1333 1673 1509 1722 tantum
1537 1672 1774 1735 permittat

252 1734 432 1788 fortuna
454 1756 682 1806 pnrpurae.
736 1744 804 1791 Ut
825 1740 983 1791 animo
1014 1744 1178 1809 vulgus
1198 1757 1293 1792 non
1324 1752 1498 1798 careat,
1538 1753 1658 1789 caret
1684 1755 1780 1806 po*⁴

255 1805 428 1858 testate.
498 1810 759 1858 Famulatur
783 1804 880 1860 haee
912 1810 1112 1875 Principi
1139 1847 1151 1871 ,
1206 1825 1302 1873 quae
1341 1809 1481 1875 igitur
1523 1807 1769 1857 metuenda

258 1873 436 1923 excidia
458 1909 471 1932 ,
515 1874 592 1926 ubi
616 1874 760 1926 faedus
792 1893 1020 1926 armorum
1036 1877 1273 1945 jungitur,
1307 1873 1356 1924 &
1372 1875 1492 1926 anim
1503 1877 1769 1924 orum?Par

254 1940 321 1989 illi
349 1956 470 1992 meta
503 1941 611 1993 sunt
668 1945 849 2020 Regum
889 1943 1024 2003 solia,
1080 1945 1248 2011 palatia
1283 1943 1515 1994 nobilium
1537 1977 1548 1999 ,
1595 1941 1646 1992 δί
1672 1960 1769 1993 ma·

252 2009 403 2074 palia,
439 2012 511 2061 vel
535 2025 698 2078 tesqua
731 2016 944 2063 terarum.
995 2012 1080 2078 [pfl
1103 2012 1263 2063 obices
1281 2048 1294 2071 ‚
1336 2009 1386 2060 &
1413 2011 1641 2062 exercitus
1669 2011 1764 2062 vin·

252 2076 420 2127 dissam
456 2094 649 2142 acuunt,
687 2096 788 2130 non
826 2096 1076 2130 moi-antula
1132 2081 1212 2130 N‘il
1236 2079 1411 2130 tardant
1441 2082 1636 2128 lamenta
1669 2078 1762 2128 hos

251 2143 442 2206 fluetus,
479 2164 632 2214 neque
654 2144 837 2197 subsidit
858 2152 1063 2213 procella
1084 2185 1096 2208 ‚
1131 2148 1241 2198 dum
1276 2149 1408 2197 cadat
1440 2147 1644 2204 viflima,
1664 2164 1765 2212 quae
1830 2167 1832 2169 ’

252 2211 501 2265 destinatur
519 2215 672 2266 exitio.
744 2214 1010 2266 Sublimitas
1041 2216 1133 2283 ipsa
1156 2216 1207 2265 ut
1228 2216 1558 2284 arrogantiam,
1593 2213 1652 2264 fic
1679 2215 1762 2264 fle·

250 2277 311 2328 cti
333 2281 530 2332 nesciam
555 2282 680 2334 addit
704 2284 1002 2334 constantiam
1021 2320 1033 2342 ,
1071 2283 1121 2333 &
1147 2283 1310 2333 cedere
1335 2320 1346 2343 ,
1383 2285 1450 2334 vel
1486 2282 1660 2332 moveri
1676 2300 1767 2333 ne‘

249 2345 396 2399 scium
424 2350 599 2415 pestus.
669 2350 805 2422 Qafi
835 2352 942 2402 verb
972 2353 1091 2402 flesti
1115 2387 1127 2412 ,
1156 2362 1230 2400 aut
1263 2369 1358 2401 non
1387 2350 1537 2401 vicisse
1559 2369 1638 2417 par
1659 2349 1756 2399 fue-

248 2415 309 2466 nit
347 2419 587 2483 probrum.
673 2421 823 2471 Palam
852 2417 944 2469 fere
974 2417 1093 2471 saevit
1115 2456 1127 2479 ‚
1161 2419 1240 2484 qui
1271 2419 1451 2469 facilem
1483 2433 1557 2469 aut
1589 2418 1759 2482 reperit

253 2483 469 2545 obicem,
498 2503 572 2538 aut
598 2486 810 2538 admittit.
851 2537 855 2540 ,
894 2487 1093 2538 Eliditur
1123 2489 1247 2557 vulgi
1275 2488 1502 2552 impetus;
1540 2483 1591 2535 δί
1622 2486 1724 2550 quia
1743 2519 1755 2541 ,

249 2550 304 2602 stt
329 2552 519 2621 fimplex
544 2590 555 2613 ‚
592 2554 650 2606 fic
671 2555 908 2607 credulum
940 2556 1029 2615 est3
1066 2556 1114 2606 ut
1137 2555 1287 2605 furens
1308 2555 1430 2605 simia
1456 2554 1651 2610 luditur,
1670 2553 1757 2601 do·

248 2634 340 2669 nec
368 2622 533 2673 astutiae
560 2623 604 2672 in
631 2624 765 2674 casses
795 2638 910 2673 ruat.
995 2625 1242 2687 Majestatis
1267 2620 1391 2673 furor
1424 2621 1589 2687 quanto
1617 2622 1759 2671 laten·

248 2687 366 2750 tior,
401 2690 527 2740 tanto
564 2690 808 2755 potentior.
893 2690 1246 2742 Subterraneum
1290 2692 1520 2739 aemulatur
1573 2690 1757 2756 ignem,

242 2757 322 2809 eoi
361 2758 486 2824 pila,
521 2756 570 2807 ἃ
604 2759 737 2809 ludus
774 2774 954 2810 montes
978 2758 1077 2810 sunt
1106 2759 1306 2827 integri:
1357 2757 1602 2808 Provinciae
1630 2758 1760 2807 visti·

1599 2843 1684 2876 ma.
