1832 3151
538 88 1106 178 wemma&
1404 94 1530 170 167

87 192 263 244 {odoro
290 192 485 245 Athenae
507 219 522 240 ν
554 196 664 260 quia
692 213 873 263 exterus
913 196 1112 250 Athenis
1133 193 1274 247 fasces
1296 194 1440 263 geffit.
1476 193 1614 243 Nun·

87 280 226 327 quam
253 261 529 314 Genuenses·
544 277 682 318 tauto,
692 265 772 315 fibi
795 266 1070 332 plauderent
1095 266 1244 324 flore,
1278 264 1370 313 nisi
1397 263 1443 312 in
1471 263 1614 311 lustra

84 329 261 401 lingula
292 346 476 385 exteros
506 332 659 385 litium
675 329 880 384 ‘'a'rbitros
919 330 1235 384 adsciscerent.
1303 332 1528 382 Divinum
1566 345 1613 378 e·

88 399 191 452 nim
222 401 330 449 'vri-‹⁸›
357 398 626 455 confilium!
664 403 908 471 Peregrina
939 418 1145 467 nempe,
1179 401 1233 450 1⁸11
1267 399 1397 450 cibos
1433 413 1612 447 aroma·

83 481 160 526 ta,
196 466 257 518 sic
289 466 549 531 condiunt,
588 484 667 519 aut
711 468 962 536 asper-ando
990 470 1264 540 praedulcia‚
1317 482 1396 517 aut
1429 481 1614 531 tempe·

83 535 235 586 raudo
260 536 410 585 calida
429 571 442 595 ,
482 551 560 587 aut
601 538 850 591 animando
876 539 1048 607 frigida
1067 576 1080 602 ,
1116 554 1256 604 atque
1294 534 1409 585 adeo
1437 535 1610 584 valetu-

83 603 242 657 dinem
275 602 503 655 firmando
539 640 552 663 ‚
589 606 728 656 vitam
784 607 1025 658 servande.
1108 605 1381 657 Consulum·
1416 603 1612 661 Patriae‚

85 672 200 722 dum
246 670 464 723 indefessa
503 686 770 725 exterorum
810 675 1030 728 industria
1061 677 1262 742 quietem
1304 669 1464 725 nescit.
1531 668 1614 720 Ad

84 740 186 794 haec
225 739 604 806 ,circumspessius
649 743 790 811 longe*
820 782 833 806 ‚
879 744 989 810 quia
1026 744 1239 797 omnium
1287 740 1436 792 oculis
1473 740 1523 790 in
1561 733 1610 787 se

83 809 277 860 intentis
291 827 305 868 3
321 809 587 869 cordatius,
611 808 830 878 tanquam
849 812 1052 880 ignotis:
1072 810 1318 877 impensius
1340 843 1353 868 ‚
1373 806 1453 872 qui
1470 823 1610 856 aemu-

82 879 261 928 lautum
283 875 479 944 impulsa
498 877 655 929 studio
678 880 775 947 agit
792 881 1020 946 plurima,
1057 881 1169 931 dum
1204 894 1277 928 aut
1292 877 1390 927 otio
1422 877 1612 944 langue·

76 959 149 998 ret
181 946 493 1014 domesticus,
531 961 609 998 aut
639 947 801 998 affefiu
826 948 997 999 illefius
1021 946 1317 1014 torpesceret.
1387 946 1495 1010 Quo
1523 940 1611 992 mi·

78 1013 170 1066 ηὺε
208 999 307 1082 spei
339 1017 363 1068 a
395 1013 594 1064 sublidio
627 1015 691 1065 est
723 1018 871 1067 alieno
892 1055 905 1079 ,
944 1019 1072 1070 tanto
1106 1016 1255 1070 acrius
1279 1015 1499 1067 virtutem
1533 1027 1612 1061 ex·

77 1081 217 1147 serit,
252 1101 352 1150 quae
376 1082 471 1133 sola
505 1097 663 1136 extero
690 1085 1022 1150 patrocinatur.
1089 1083 1382 1137 confidentia
1412 1080 1508 1130 fere
1544 1077 1609 1131 est

77 1153 129 1204 in
169 1154 353 1217 judicio
384 1151 633 1222 indigenae.
725 1155 902 1203 Terror
934 1157 1098 1205 contra
1144 1152 1201 1204 ab
1252 1167 1413 1203 extero
1440 1182 1454 1208 ,
1499 1147 1609 1214 quia

78 1221 189 1276 cum
221 1221 425 1271 alienum
455 1219 507 1270 tit
538 1220 641 1275 solo
664 1257 680 1284 ‚
713 1220 774 1272 fic
802 1221 1010 1276 moribus
1043 1222 1225 1283 norint,
1264 1218 1500 1270 vindicem
1520 1232 1608 1283 pa-

78 1305 222 1348 vent,
261 1306 403 1357 quem
431 1287 531 1338 sola
568 1289 713 1340 causae
742 1291 936 1359 gravitas
957 1293 1003 1341 iu
1034 1290 1282 1340 vindictam
1308 1298 1527 1349 exacuet,
1555 1299 1607 1336 re

76 1359 204 1411 nulla
232 1359 280 1411 in
319 1359 634 1424 patrocinium
664 1373 944 1428 perorante,
989 1359 1163 1414 nedum
1193 1357 1459 1411 inclinante.

524 1497 1160 1562 NEGATuR.

73 1625 373 1735 Potentius
398 1626 516 1678 nihil
545 1642 706 1678 natura
738 1629 842 1679 tulit
866 1668 880 1692 ,
917 1627 969 1679 ἃ
997 1628 1145 1700 gratia
1176 1643 1346 1678 amore.
1426 1621 1603 1672 Vincu-

188 1696 289 1745 lum
331 1695 470 1754 huius
506 1696 852 1747 adamantinum
886 1694 936 1745 ἃ
966 1697 1096 1759 orbi,
1145 1693 1196 1745 ὅτ
1237 1693 1408 1751 menti,
1443 1686 1603 1741 ubiste

74 1764 186 1816 dem
208 1763 362 1815 fixerit
383 1763 578 1814 firmam.
652 1766 885 1816 Saccharo
908 1765 1078 1816 condit
1096 1763 1268 1813 stucius
1289 1780 1360 1812 ars
1378 1796 1390 1819 ,
1426 1772 1477 1808 ut
1500 1768 1604 1807 aeta·

72 1846 170 1884 tem
211 1832 360 1882 ferant
389 1833 534 1883 inoxii
566 1873 578 1897 ,
629 1831 682 1881 ἃ
715 1831 995 1883 dulcescant.
1065 1834 1329 1889 Dulcorat,
1376 1826 1429 1877 &
1456 1823 1605 1875 servat

73 1918 207 1952 amor
230 1903 390 1952 omnia
421 1903 519 1969 pari
554 1916 726 1951 naturae
756 1901 962 1953 ludentis
995 1899 1244 1951 miraculo.
1313 1892 1603 1960 Triumphat

70 1987 228 2028 amor,
266 1969 383 2019 dum
416 1970 702 2021 domesticus
732 1971 821 2033 est,
860 1971 940 2036 qui
975 1971 1072 2031 jura
1097 1968 1252 2018 dicht.
1334 1968 1437 2016 Hac
1461 1963 1597 2012 causa

69 2056 165 2107 prae
197 2040 362 2091 exteris
393 2038 680 2090 domesticos
703 2039 857 2108 adlegi
885 2036 1126 2090 consortes
1151 2034 1362 2103 imperii,
1386 2032 1599 2082 moriens

73 2107 231 2176 Cyrus
263 2106 445 2171 jusserat
480 2105 643 2158 filium.
718 2109 788 2157 Ut
822 2107 946 2157 enim
984 2105 1231 2162 odiorum,
1271 2101 1333 2153 fic
1364 2099 1459 2152 fere
1494 2113 1599 2148 mo·

71 2192 206 2226 tuum
235 2174 394 2228 fomes
430 2175 494 2226 est
538 2176 744 2243 potestas
787 2174 931 2226 exteri
964 2178 1036 2240 jus
1086 2172 1300 2223 dicentis.
1396 2171 1600 2219 AEacum

71 2258 313 2295 execratur
337 2246 540 2310 populus
566 2280 579 2304 ,
615 2244 833 2297 Astraeam
877 2243 1050 2309 diligit.
1141 2243 1250 2292 Sola
1284 2239 1372 2289 illis
1412 2238 1597 2285 lancem

68 2312 203 2363 librat
243 2311 484 2376 severitas,
521 2312 629 2379 quia
661 2312 712 2362 ut
758 2312 1018 2362 animorum
1053 2347 1066 2371 ,
1111 2309 1173 2359 fic
1202 2306 1256 2357 &
1298 2320 1485 2357 morum
1527 2299 1598 2351 di-

72 2380 202 2430 scors
232 2380 301 2431 est
324 2379 498 2444 seusus,
547 2395 684 2447 atque
720 2379 838 2430 adeo
863 2378 1095 2430 fastorum
1135 2374 1327 2443 perinde
1346 2409 1360 2434 ,
1401 2389 1454 2422 ac
1480 2386 1599 2420 con·

70 2446 292 2499 filiorum.
350 2450 586 2516 Quantum
617 2448 778 2516 lingua
800 2482 813 2506 ,
849 2448 1029 2499 tautum
1068 2445 1164 2498 fere
1190 2441 1404 2494 diffident
1436 2437 1602 2490 studiis

71 2531 255 2584 gentes.
333 2516 454 2567 Nou
482 2517 645 2567 sterilis
684 2515 802 2566 adeo
833 2529 910 2566 aut
939 2515 1105 2566 mentis
1124 2550 1137 2573 ,
1179 2527 1255 2564 aut
1287 2509 1463 2559 virtutis
1504 2505 1601 2556 ulla

71 2585 138 2634 est
171 2585 304 2653 regio
327 2621 341 2646 ,
376 2602 475 2652 quae
499 2582 717 2651 suppares
749 2585 884 2634 curiae
918 2601 1015 2634 non
1047 2584 1209 2651 gignat
1242 2578 1441 2629 arbitros
1467 2574 1596 2652 ¹:¹¹²·

71 2652 230 2706 midis.
308 2658 370 2705 Et
412 2671 495 2704 cur
527 2652 794 2703 domesticis
833 2652 978 2702 exteri
1009 2652 1212 2717 palmam
1238 2646 1462 2712 eripiant,
1483 2643 1599 2692 lWO·

70 2737 121 2772 re
143 2723 332 2774 aemulos
357 2758 371 2783 ,
408 2722 591 2774 turbine
641 2720 840 2772 Patriam
885 2719 1147 2787 repleturi?
1197 2731 1317 2782 quos
1351 2716 1598 2780 Lycurgus

71 2787 134 2846 ne
160 2790 497 2847 Lacaedemoue
519 2790 733 2860 quidem,
760 2789 949 2912 gedum
980 2787 1105 2841 curia
1138 2785 1311 2857 dignos
1345 2775 1598 2903 cebrifirerate

838 2873 872 2921 4
1427 2863 1527 2900 Gru·
