<?xml version="1.0" encoding="UTF-8"?>
<!DOCTYPE html PUBLIC "-//W3C//DTD XHTML 1.0 Transitional//EN"
    "http://www.w3.org/TR/xhtml1/DTD/xhtml1-transitional.dtd">
<html xmlns="http://www.w3.org/1999/xhtml" xml:lang="en" lang="en">
 <head>
  <title>
</title>
<meta http-equiv="Content-Type" content="text/html;charset=utf-8" />
  <meta name='ocr-system' content='tesseract 3.04.00' />
  <meta name='ocr-capabilities' content='ocr_page ocr_carea ocr_par ocr_line ocrx_word'/>
</head>
<body>
  <div class='ocr_page' id='page_1' title='image "./ideasapientisthe00vano_0024.png"; bbox 0 0 1832 3151; ppageno 0'>
   <div class='ocr_carea' id='block_1_1' title="bbox 280 120 1247 210">
    <p class='ocr_par' dir='ltr' id='par_1_1' title="bbox 280 120 1247 210">
     <span class='ocr_line' id='line_1_1' title="bbox 280 120 1247 210; baseline 0.006 -6"><span class='ocrx_word' id='word_1_1' title='bbox 280 144 350 189; x_wconf 91' lang='lat'>10</span> <span class='ocrx_word' id='word_1_2' title='bbox 680 120 1247 210; x_wconf 52' lang='grc' dir='ltr'>ἓῧξζθ)ἔέἐέ</span> 
     </span>
    </p>
   </div>
   <div class='ocr_carea' id='block_1_2' title="bbox 175 226 1773 2825">
    <p class='ocr_par' dir='ltr' id='par_1_2' title="bbox 183 226 1731 1657">
     <span class='ocr_line' id='line_1_2' title="bbox 195 226 1729 296; baseline -0.005 -10"><span class='ocrx_word' id='word_1_3' title='bbox 195 238 418 287; x_wconf 83' lang='lat' dir='ltr'>luntatem</span> <span class='ocrx_word' id='word_1_4' title='bbox 431 270 444 293; x_wconf 91' lang='lat'><em>,</em></span> <span class='ocrx_word' id='word_1_5' title='bbox 475 242 526 278; x_wconf 85' lang='lat' dir='ltr'>ut</span> <span class='ocrx_word' id='word_1_6' title='bbox 560 226 623 276; x_wconf 86' lang='lat' dir='ltr'>est</span> <span class='ocrx_word' id='word_1_7' title='bbox 645 230 790 295; x_wconf 85' lang='lat' dir='ltr'>gratia</span> <span class='ocrx_word' id='word_1_8' title='bbox 814 228 1167 296; x_wconf 76' lang='lat' dir='ltr'>super-nattu·alis</span> <span class='ocrx_word' id='word_1_9' title='bbox 1192 233 1479 284; x_wconf 84' lang='lat' dir='ltr'>inflammans</span> <span class='ocrx_word' id='word_1_10' title='bbox 1508 230 1564 280; x_wconf 79' lang='lat' dir='ltr'>ad</span> <span class='ocrx_word' id='word_1_11' title='bbox 1582 244 1729 281; x_wconf 71' lang='lat' dir='ltr'>omne</span> 
     </span>
     <span class='ocr_line' id='line_1_3' title="bbox 193 296 1724 364; baseline -0.004 -10"><span class='ocrx_word' id='word_1_12' title='bbox 193 305 404 359; x_wconf 86' lang='lat' dir='ltr'>bonum,</span> <span class='ocrx_word' id='word_1_13' title='bbox 439 296 682 347; x_wconf 78' lang='lat' dir='ltr'>inclinatio</span> <span class='ocrx_word' id='word_1_14' title='bbox 712 300 756 347; x_wconf 86' lang='lat' dir='ltr'>in</span> <span class='ocrx_word' id='word_1_15' title='bbox 786 297 985 361; x_wconf 88' lang='lat' dir='ltr'>bonum,</span> <span class='ocrx_word' id='word_1_16' title='bbox 1026 300 1216 352; x_wconf 87' lang='lat' dir='ltr'>virtutes</span> <span class='ocrx_word' id='word_1_17' title='bbox 1242 303 1444 350; x_wconf 84' lang='lat' dir='ltr'>morales</span> <span class='ocrx_word' id='word_1_18' title='bbox 1476 298 1600 364; x_wconf 71' lang='lat' dir='ltr'>ipfae.</span> <span class='ocrx_word' id='word_1_19' title='bbox 1659 303 1724 348; x_wconf 84' lang='lat' dir='ltr'>A-</span> 
     </span>
     <span class='ocr_line' id='line_1_4' title="bbox 193 366 1723 436; baseline -0.005 -12"><span class='ocrx_word' id='word_1_20' title='bbox 193 372 298 425; x_wconf 72' lang='lat' dir='ltr'>liud</span> <span class='ocrx_word' id='word_1_21' title='bbox 334 370 399 420; x_wconf 84' lang='lat' dir='ltr'>est</span> <span class='ocrx_word' id='word_1_22' title='bbox 427 366 609 417; x_wconf 88' lang='lat' dir='ltr'>bonum</span> <span class='ocrx_word' id='word_1_23' title='bbox 632 370 864 432; x_wconf 79' lang='lat' dir='ltr'>corporis,</span> <span class='ocrx_word' id='word_1_24' title='bbox 903 368 1038 434; x_wconf 89' lang='lat' dir='ltr'>quod</span> <span class='ocrx_word' id='word_1_25' title='bbox 1061 367 1175 418; x_wconf 89' lang='lat' dir='ltr'>inest</span> <span class='ocrx_word' id='word_1_26' title='bbox 1200 367 1286 436; x_wconf 84' lang='lat' dir='ltr'>ipfi</span> <span class='ocrx_word' id='word_1_27' title='bbox 1317 368 1544 433; x_wconf 88' lang='lat' dir='ltr'>corpori,</span> <span class='ocrx_word' id='word_1_28' title='bbox 1577 366 1628 416; x_wconf 73' lang='lat' dir='ltr'>ut</span> <span class='ocrx_word' id='word_1_29' title='bbox 1648 382 1723 416; x_wconf 90' lang='lat' dir='ltr'>ro-</span> 
     </span>
     <span class='ocr_line' id='line_1_5' title="bbox 192 434 1724 503; baseline -0.005 -13"><span class='ocrx_word' id='word_1_30' title='bbox 192 440 305 503; x_wconf 83' lang='lat' dir='ltr'>bur,</span> <span class='ocrx_word' id='word_1_31' title='bbox 344 434 579 489; x_wconf 82' lang='lat' dir='ltr'>valetudo.</span> <span class='ocrx_word' id='word_1_32' title='bbox 647 436 758 488; x_wconf 78' lang='lat' dir='ltr'>Huc</span> <span class='ocrx_word' id='word_1_33' title='bbox 777 434 1038 486; x_wconf 83' lang='lat' dir='ltr'>referuntur</span> <span class='ocrx_word' id='word_1_34' title='bbox 1061 436 1186 487; x_wconf 86' lang='lat' dir='ltr'>bona</span> <span class='ocrx_word' id='word_1_35' title='bbox 1217 436 1487 500; x_wconf 82' lang='lat' dir='ltr'>extrinseca,</span> <span class='ocrx_word' id='word_1_36' title='bbox 1516 453 1618 502; x_wconf 78' lang='lat' dir='ltr'>quae</span> <span class='ocrx_word' id='word_1_37' title='bbox 1648 451 1724 483; x_wconf 87' lang='lat' dir='ltr'>ex·</span> 
     </span>
     <span class='ocr_line' id='line_1_6' title="bbox 193 501 1725 573; baseline -0.004 -15"><span class='ocrx_word' id='word_1_38' title='bbox 193 525 266 562; x_wconf 78' lang='lat' dir='ltr'>tra</span> <span class='ocrx_word' id='word_1_39' title='bbox 297 522 471 573; x_wconf 86' lang='lat' dir='ltr'>corpus</span> <span class='ocrx_word' id='word_1_40' title='bbox 496 501 604 555; x_wconf 84' lang='lat' dir='ltr'>sunt</span> <span class='ocrx_word' id='word_1_41' title='bbox 618 520 633 562; x_wconf 84' lang='lat'>3</span> <span class='ocrx_word' id='word_1_42' title='bbox 656 505 890 569; x_wconf 66' lang='lat' dir='ltr'>praecipua</span> <span class='ocrx_word' id='word_1_43' title='bbox 921 504 1024 555; x_wconf 83' lang='lat' dir='ltr'>fimt</span> <span class='ocrx_word' id='word_1_44' title='bbox 1051 504 1237 563; x_wconf 82' lang='lat' dir='ltr'>honor,</span> <span class='ocrx_word' id='word_1_45' title='bbox 1271 506 1351 571; x_wconf 85' lang='lat' dir='ltr'>qui</span> <span class='ocrx_word' id='word_1_46' title='bbox 1387 523 1470 570; x_wconf 87' lang='lat' dir='ltr'>per</span> <span class='ocrx_word' id='word_1_47' title='bbox 1498 503 1725 556; x_wconf 88' lang='lat' dir='ltr'>Aristote-</span> 
     </span>
     <span class='ocr_line' id='line_1_7' title="bbox 192 570 1724 642; baseline -0.006 -12"><span class='ocrx_word' id='word_1_48' title='bbox 192 581 288 631; x_wconf 87' lang='lat' dir='ltr'>lem</span> <span class='ocrx_word' id='word_1_49' title='bbox 314 579 344 627; x_wconf 88' lang='lat'>1.</span> <span class='ocrx_word' id='word_1_50' title='bbox 367 591 405 625; x_wconf 75' lang='lat'>1,</span> <span class='ocrx_word' id='word_1_51' title='bbox 422 574 559 624; x_wconf 89' lang='lat' dir='ltr'>Rhet.</span> <span class='ocrx_word' id='word_1_52' title='bbox 587 589 627 621; x_wconf 84' lang='lat' dir='ltr'>c.</span> <span class='ocrx_word' id='word_1_53' title='bbox 652 588 691 634; x_wconf 87' lang='lat'>5.</span> <span class='ocrx_word' id='word_1_54' title='bbox 730 571 794 622; x_wconf 90' lang='lat' dir='ltr'>est</span> <span class='ocrx_word' id='word_1_55' title='bbox 809 572 992 642; x_wconf 80' lang='lat' dir='ltr'>signum</span> <span class='ocrx_word' id='word_1_56' title='bbox 1018 572 1328 624; x_wconf 79' lang='lat' dir='ltr'>aestimationis</span> <span class='ocrx_word' id='word_1_57' title='bbox 1349 573 1408 622; x_wconf 89' lang='lat' dir='ltr'>de</span> <span class='ocrx_word' id='word_1_58' title='bbox 1433 570 1724 625; x_wconf 77' lang='lat' dir='ltr'>beatitudine</span> 
     </span>
     <span class='ocr_line' id='line_1_8' title="bbox 190 637 1731 709; baseline -0.006 -11"><span class='ocrx_word' id='word_1_59' title='bbox 190 645 428 698; x_wconf 87' lang='lat' dir='ltr'>honorati.</span> <span class='ocrx_word' id='word_1_60' title='bbox 512 637 760 691; x_wconf 85' lang='lat' dir='ltr'>Praesertim</span> <span class='ocrx_word' id='word_1_61' title='bbox 780 641 908 708; x_wconf 77' lang='lat' dir='ltr'>ligna</span> <span class='ocrx_word' id='word_1_62' title='bbox 935 642 1132 692; x_wconf 87' lang='lat' dir='ltr'>honoris</span> <span class='ocrx_word' id='word_1_63' title='bbox 1161 641 1363 707; x_wconf 80' lang='lat' dir='ltr'>publici,</span> <span class='ocrx_word' id='word_1_64' title='bbox 1390 661 1432 692; x_wconf 87' lang='lat' dir='ltr'>v.</span> <span class='ocrx_word' id='word_1_65' title='bbox 1453 659 1505 709; x_wconf 84' lang='lat' dir='ltr'>g.</span> <span class='ocrx_word' id='word_1_66' title='bbox 1527 640 1680 690; x_wconf 82' lang='lat' dir='ltr'>statuae</span> <span class='ocrx_word' id='word_1_67' title='bbox 1706 672 1731 698; x_wconf 71' lang='lat'><strong>.</strong></span> 
     </span>
     <span class='ocr_line' id='line_1_9' title="bbox 193 707 1730 776; baseline -0.006 -10"><span class='ocrx_word' id='word_1_68' title='bbox 193 714 378 766; x_wconf 83' lang='lat' dir='ltr'>Colosli</span> <span class='ocrx_word' id='word_1_69' title='bbox 400 747 412 769; x_wconf 93' lang='lat'>‚</span> <span class='ocrx_word' id='word_1_70' title='bbox 439 708 714 775; x_wconf 84' lang='lat' dir='ltr'>sepulchra,</span> <span class='ocrx_word' id='word_1_71' title='bbox 746 708 843 760; x_wconf 84' lang='lat' dir='ltr'>&amp;c.</span> <span class='ocrx_word' id='word_1_72' title='bbox 885 728 984 776; x_wconf 80' lang='lat' dir='ltr'>quae</span> <span class='ocrx_word' id='word_1_73' title='bbox 1009 709 1119 762; x_wconf 86' lang='lat' dir='ltr'>sunt</span> <span class='ocrx_word' id='word_1_74' title='bbox 1140 708 1273 761; x_wconf 73' lang='lat' dir='ltr'>causa</span> <span class='ocrx_word' id='word_1_75' title='bbox 1298 709 1449 760; x_wconf 86' lang='lat' dir='ltr'>laudis</span> <span class='ocrx_word' id='word_1_76' title='bbox 1478 746 1489 769; x_wconf 91' lang='lat'>‚</span> <span class='ocrx_word' id='word_1_77' title='bbox 1560 707 1686 758; x_wconf 84' lang='lat' dir='ltr'>loriae</span> <span class='ocrx_word' id='word_1_78' title='bbox 1706 740 1730 767; x_wconf 80' lang='grc'>,</span> 
     </span>
     <span class='ocr_line' id='line_1_10' title="bbox 189 726 1726 844; baseline -0.006 -11"><span class='ocrx_word' id='word_1_79' title='bbox 189 780 528 835; x_wconf 75' lang='lat' dir='ltr'>admirationis.</span> <span class='ocrx_word' id='word_1_80' title='bbox 597 777 708 828; x_wconf 74' lang='lat' dir='ltr'>zelo.</span> <span class='ocrx_word' id='word_1_81' title='bbox 745 779 958 842; x_wconf 83' lang='lat' dir='ltr'>Divitiae,</span> <span class='ocrx_word' id='word_1_82' title='bbox 987 777 1039 828; x_wconf 83' lang='lat'>&amp;</span> <span class='ocrx_word' id='word_1_83' title='bbox 1071 780 1282 844; x_wconf 86' lang='lat' dir='ltr'>potentia</span> <span class='ocrx_word' id='word_1_84' title='bbox 1315 814 1327 839; x_wconf 89' lang='lat'>,</span> <span class='ocrx_word' id='word_1_85' title='bbox 1379 795 1481 844; x_wconf 82' lang='lat' dir='ltr'>quae</span> <span class='ocrx_word' id='word_1_86' title='bbox 1511 726 1616 828; x_wconf 38' lang='lat' dir='ltr'>(glut</span> <span class='ocrx_word' id='word_1_87' title='bbox 1654 792 1726 824; x_wconf 84' lang='lat' dir='ltr'>re·</span> 
     </span>
     <span class='ocr_line' id='line_1_11' title="bbox 189 843 1722 915; baseline -0.005 -14"><span class='ocrx_word' id='word_1_88' title='bbox 189 869 296 905; x_wconf 83' lang='lat' dir='ltr'>rum</span> <span class='ocrx_word' id='word_1_89' title='bbox 322 848 373 900; x_wconf 66' lang='grc' dir='ltr'>ἃ</span> <span class='ocrx_word' id='word_1_90' title='bbox 395 847 551 915; x_wconf 77' lang='lat' dir='ltr'>gratiae</span> <span class='ocrx_word' id='word_1_91' title='bbox 576 846 742 911; x_wconf 86' lang='lat' dir='ltr'>copia,</span> <span class='ocrx_word' id='word_1_92' title='bbox 781 847 945 912; x_wconf 86' lang='lat' dir='ltr'>quibus</span> <span class='ocrx_word' id='word_1_93' title='bbox 970 848 1067 898; x_wconf 89' lang='lat' dir='ltr'>hoc</span> <span class='ocrx_word' id='word_1_94' title='bbox 1096 865 1193 898; x_wconf 79' lang='lat' dir='ltr'>aevo</span> <span class='ocrx_word' id='word_1_95' title='bbox 1216 846 1430 897; x_wconf 77' lang='lat' dir='ltr'>tribuitur</span> <span class='ocrx_word' id='word_1_96' title='bbox 1452 843 1722 911; x_wconf 73' lang='lat' dir='ltr'>plurimum.</span> 
     </span>
     <span class='ocr_line' id='line_1_12' title="bbox 191 910 1727 984; baseline -0.006 -14"><span class='ocrx_word' id='word_1_97' title='bbox 191 919 306 984; x_wconf 75' lang='lat' dir='ltr'>3tio.</span> <span class='ocrx_word' id='word_1_98' title='bbox 345 916 580 967; x_wconf 82' lang='lat' dir='ltr'>Nobilitas</span> <span class='ocrx_word' id='word_1_99' title='bbox 599 950 613 975; x_wconf 90' lang='lat'>,</span> <span class='ocrx_word' id='word_1_100' title='bbox 652 913 732 964; x_wconf 88' lang='lat' dir='ltr'>seu</span> <span class='ocrx_word' id='word_1_101' title='bbox 765 916 984 965; x_wconf 87' lang='lat' dir='ltr'>meritum</span> <span class='ocrx_word' id='word_1_102' title='bbox 1017 915 1200 966; x_wconf 74' lang='lat' dir='ltr'>familiae</span> <span class='ocrx_word' id='word_1_103' title='bbox 1230 955 1244 980; x_wconf 90' lang='lat'><em>,</em></span> <span class='ocrx_word' id='word_1_104' title='bbox 1277 929 1332 964; x_wconf 88' lang='lat' dir='ltr'>ut</span> <span class='ocrx_word' id='word_1_105' title='bbox 1358 915 1612 965; x_wconf 82' lang='lat' dir='ltr'>honoretur</span> <span class='ocrx_word' id='word_1_106' title='bbox 1656 910 1727 961; x_wconf 87' lang='lat' dir='ltr'>ob</span> 
     </span>
     <span class='ocr_line' id='line_1_13' title="bbox 187 983 1727 1056; baseline -0.005 -18"><span class='ocrx_word' id='word_1_107' title='bbox 187 987 405 1056; x_wconf 70' lang='lat' dir='ltr'>praeclare</span> <span class='ocrx_word' id='word_1_108' title='bbox 436 985 575 1052; x_wconf 81' lang='lat' dir='ltr'>gesta.</span> <span class='ocrx_word' id='word_1_109' title='bbox 645 983 842 1033; x_wconf 77' lang='lat' dir='ltr'>Privata</span> <span class='ocrx_word' id='word_1_110' title='bbox 865 985 952 1046; x_wconf 86' lang='lat' dir='ltr'>est,</span> <span class='ocrx_word' id='word_1_111' title='bbox 986 1001 1089 1051; x_wconf 85' lang='lat' dir='ltr'>quae</span> <span class='ocrx_word' id='word_1_112' title='bbox 1117 1002 1198 1050; x_wconf 89' lang='lat' dir='ltr'>per</span> <span class='ocrx_word' id='word_1_113' title='bbox 1225 984 1455 1052; x_wconf 82' lang='lat' dir='ltr'>originem</span> <span class='ocrx_word' id='word_1_114' title='bbox 1481 994 1727 1048; x_wconf 84' lang='lat' dir='ltr'>parentum</span> 
     </span>
     <span class='ocr_line' id='line_1_14' title="bbox 191 1048 1725 1120; baseline -0.005 -14"><span class='ocrx_word' id='word_1_115' title='bbox 191 1057 402 1112; x_wconf 74' lang='lat' dir='ltr'>ducitur-3</span> <span class='ocrx_word' id='word_1_116' title='bbox 446 1050 630 1102; x_wconf 75' lang='lat' dir='ltr'>Publica</span> <span class='ocrx_word' id='word_1_117' title='bbox 659 1052 721 1102; x_wconf 86' lang='lat' dir='ltr'>est</span> <span class='ocrx_word' id='word_1_118' title='bbox 753 1052 973 1102; x_wconf 80' lang='lat' dir='ltr'>nobilitas</span> <span class='ocrx_word' id='word_1_119' title='bbox 1003 1053 1219 1102; x_wconf 86' lang='lat' dir='ltr'>Civitatis</span> <span class='ocrx_word' id='word_1_120' title='bbox 1237 1089 1249 1113; x_wconf 83' lang='lat'>‚</span> <span class='ocrx_word' id='word_1_121' title='bbox 1287 1053 1340 1102; x_wconf 84' lang='lat'>&amp;</span> <span class='ocrx_word' id='word_1_122' title='bbox 1370 1051 1524 1120; x_wconf 87' lang='lat' dir='ltr'>gentis</span> <span class='ocrx_word' id='word_1_123' title='bbox 1549 1089 1561 1113; x_wconf 91' lang='lat'>‚</span> <span class='ocrx_word' id='word_1_124' title='bbox 1590 1048 1725 1112; x_wconf 77' lang='lat' dir='ltr'>quod</span> 
     </span>
     <span class='ocr_line' id='line_1_15' title="bbox 187 1117 1728 1187; baseline -0.005 -11"><span class='ocrx_word' id='word_1_125' title='bbox 187 1126 341 1176; x_wconf 84' lang='lat' dir='ltr'>homo</span> <span class='ocrx_word' id='word_1_126' title='bbox 371 1122 424 1172; x_wconf 85' lang='lat' dir='ltr'>fit</span> <span class='ocrx_word' id='word_1_127' title='bbox 457 1139 511 1173; x_wconf 83' lang='lat' dir='ltr'>ex</span> <span class='ocrx_word' id='word_1_128' title='bbox 533 1120 615 1169; x_wconf 87' lang='lat' dir='ltr'>tali</span> <span class='ocrx_word' id='word_1_129' title='bbox 648 1123 787 1178; x_wconf 75' lang='lat' dir='ltr'>loco»,</span> <span class='ocrx_word' id='word_1_130' title='bbox 815 1123 885 1171; x_wconf 88' lang='lat' dir='ltr'>vel</span> <span class='ocrx_word' id='word_1_131' title='bbox 915 1135 1057 1187; x_wconf 81' lang='lat' dir='ltr'>gente</span> <span class='ocrx_word' id='word_1_132' title='bbox 1087 1136 1237 1184; x_wconf 88' lang='lat' dir='ltr'>ortus,</span> <span class='ocrx_word' id='word_1_133' title='bbox 1267 1138 1312 1171; x_wconf 86' lang='lat' dir='ltr'>v.</span> <span class='ocrx_word' id='word_1_134' title='bbox 1339 1137 1386 1187; x_wconf 73' lang='lat' dir='ltr'>g,</span> <span class='ocrx_word' id='word_1_135' title='bbox 1425 1120 1539 1169; x_wconf 88' lang='lat' dir='ltr'>olim</span> <span class='ocrx_word' id='word_1_136' title='bbox 1579 1117 1728 1168; x_wconf 73' lang='lat' dir='ltr'>Cives</span> 
     </span>
     <span class='ocr_line' id='line_1_16' title="bbox 184 1187 1730 1255; baseline -0.006 -10"><span class='ocrx_word' id='word_1_137' title='bbox 184 1193 408 1247; x_wconf 76' lang='lat' dir='ltr'>Romani:</span> <span class='ocrx_word' id='word_1_138' title='bbox 439 1191 501 1240; x_wconf 91' lang='lat' dir='ltr'>ob</span> <span class='ocrx_word' id='word_1_139' title='bbox 531 1187 663 1254; x_wconf 87' lang='lat' dir='ltr'>quod</span> <span class='ocrx_word' id='word_1_140' title='bbox 694 1190 882 1239; x_wconf 86' lang='lat' dir='ltr'>Paulum</span> <span class='ocrx_word' id='word_1_141' title='bbox 911 1189 1063 1255; x_wconf 80' lang='lat' dir='ltr'>Judaei</span> <span class='ocrx_word' id='word_1_142' title='bbox 1084 1206 1180 1240; x_wconf 90' lang='lat' dir='ltr'>non</span> <span class='ocrx_word' id='word_1_143' title='bbox 1213 1188 1301 1240; x_wconf 86' lang='lat' dir='ltr'>ausi</span> <span class='ocrx_word' id='word_1_144' title='bbox 1329 1189 1574 1255; x_wconf 85' lang='lat' dir='ltr'>flagellare.</span> <span class='ocrx_word' id='word_1_145' title='bbox 1609 1189 1730 1236; x_wconf 77' lang='lat' dir='ltr'>Haec·</span> 
     </span>
     <span class='ocr_line' id='line_1_17' title="bbox 191 1255 1726 1322; baseline -0.006 -9"><span class='ocrx_word' id='word_1_146' title='bbox 191 1278 349 1313; x_wconf 86' lang='lat' dir='ltr'>tamen</span> <span class='ocrx_word' id='word_1_147' title='bbox 371 1258 610 1309; x_wconf 80' lang='lat' dir='ltr'>Nobilitas</span> <span class='ocrx_word' id='word_1_148' title='bbox 630 1255 727 1306; x_wconf 89' lang='lat' dir='ltr'>sola</span> <span class='ocrx_word' id='word_1_149' title='bbox 753 1262 887 1322; x_wconf 82' lang='lat' dir='ltr'>parvi</span> <span class='ocrx_word' id='word_1_150' title='bbox 912 1258 1178 1321; x_wconf 83' lang='lat' dir='ltr'>pendenda.</span> <span class='ocrx_word' id='word_1_151' title='bbox 1269 1259 1431 1307; x_wconf 86' lang='lat' dir='ltr'>Virtus</span> <span class='ocrx_word' id='word_1_152' title='bbox 1474 1256 1599 1306; x_wconf 86' lang='lat' dir='ltr'>enim</span> <span class='ocrx_word' id='word_1_153' title='bbox 1628 1290 1641 1314; x_wconf 93' lang='lat'>‚</span> <span class='ocrx_word' id='word_1_154' title='bbox 1669 1267 1726 1305; x_wconf 87' lang='lat' dir='ltr'>ut</span> 
     </span>
     <span class='ocr_line' id='line_1_18' title="bbox 186 1322 1726 1391; baseline -0.006 -9"><span class='ocrx_word' id='word_1_155' title='bbox 186 1349 299 1383; x_wconf 86' lang='lat' dir='ltr'>eum</span> <span class='ocrx_word' id='word_1_156' title='bbox 325 1328 522 1380; x_wconf 85' lang='lat' dir='ltr'>Savcdra</span> <span class='ocrx_word' id='word_1_157' title='bbox 552 1329 740 1391; x_wconf 87' lang='lat' dir='ltr'>loquar,</span> <span class='ocrx_word' id='word_1_158' title='bbox 776 1343 872 1376; x_wconf 84' lang='lat' dir='ltr'>non</span> <span class='ocrx_word' id='word_1_159' title='bbox 900 1324 1124 1385; x_wconf 83' lang='lat' dir='ltr'>nascitur,</span> <span class='ocrx_word' id='word_1_160' title='bbox 1156 1324 1235 1374; x_wconf 84' lang='lat' dir='ltr'>sed</span> <span class='ocrx_word' id='word_1_161' title='bbox 1258 1324 1336 1384; x_wconf 81' lang='lat' dir='ltr'>fit3</span> <span class='ocrx_word' id='word_1_162' title='bbox 1366 1326 1465 1376; x_wconf 79' lang='lat' dir='ltr'>haec</span> <span class='ocrx_word' id='word_1_163' title='bbox 1493 1322 1589 1373; x_wconf 89' lang='lat' dir='ltr'>sola</span> <span class='ocrx_word' id='word_1_164' title='bbox 1617 1340 1726 1390; x_wconf 84' lang='lat' dir='ltr'>ger-</span> 
     </span>
     <span class='ocr_line' id='line_1_19' title="bbox 187 1391 1725 1458; baseline -0.005 -8"><span class='ocrx_word' id='word_1_165' title='bbox 187 1417 334 1450; x_wconf 81' lang='lat' dir='ltr'>manae</span> <span class='ocrx_word' id='word_1_166' title='bbox 357 1395 614 1449; x_wconf 81' lang='lat' dir='ltr'>nobilitatis</span> <span class='ocrx_word' id='word_1_167' title='bbox 641 1408 802 1443; x_wconf 86' lang='lat' dir='ltr'>mater.</span> <span class='ocrx_word' id='word_1_168' title='bbox 875 1395 974 1451; x_wconf 77' lang='lat' dir='ltr'>4to.</span> <span class='ocrx_word' id='word_1_169' title='bbox 1011 1393 1244 1443; x_wconf 82' lang='lat' dir='ltr'>Amicitia.</span> <span class='ocrx_word' id='word_1_170' title='bbox 1324 1395 1447 1444; x_wconf 88' lang='lat' dir='ltr'>Hinc</span> <span class='ocrx_word' id='word_1_171' title='bbox 1477 1391 1554 1454; x_wconf 80' lang='lat' dir='ltr'>fit,</span> <span class='ocrx_word' id='word_1_172' title='bbox 1591 1392 1725 1458; x_wconf 77' lang='lat' dir='ltr'>quod</span> 
     </span>
     <span class='ocr_line' id='line_1_20' title="bbox 186 1460 1728 1528; baseline -0.005 -9"><span class='ocrx_word' id='word_1_173' title='bbox 186 1484 329 1524; x_wconf 83' lang='lat' dir='ltr'>nemo</span> <span class='ocrx_word' id='word_1_174' title='bbox 352 1465 444 1517; x_wconf 69' lang='lat' dir='ltr'>fine</span> <span class='ocrx_word' id='word_1_175' title='bbox 474 1463 671 1514; x_wconf 86' lang='lat' dir='ltr'>amicitia</span> <span class='ocrx_word' id='word_1_176' title='bbox 706 1462 794 1511; x_wconf 75' lang='lat' dir='ltr'>effe</span> <span class='ocrx_word' id='word_1_177' title='bbox 815 1463 886 1511; x_wconf 88' lang='lat' dir='ltr'>vel</span> <span class='ocrx_word' id='word_1_178' title='bbox 902 1462 1039 1524; x_wconf 86' lang='lat' dir='ltr'>velit,</span> <span class='ocrx_word' id='word_1_179' title='bbox 1072 1463 1142 1512; x_wconf 89' lang='lat' dir='ltr'>vel</span> <span class='ocrx_word' id='word_1_180' title='bbox 1167 1462 1323 1528; x_wconf 73' lang='lat' dir='ltr'>poss‘it.</span> <span class='ocrx_word' id='word_1_181' title='bbox 1393 1462 1580 1511; x_wconf 81' lang='lat' dir='ltr'>Amicus</span> <span class='ocrx_word' id='word_1_182' title='bbox 1597 1460 1728 1511; x_wconf 85' lang='lat' dir='ltr'>enim</span> 
     </span>
     <span class='ocr_line' id='line_1_21' title="bbox 183 1529 1723 1598; baseline -0.005 -10"><span class='ocrx_word' id='word_1_183' title='bbox 183 1538 437 1588; x_wconf 84' lang='lat' dir='ltr'>maximum</span> <span class='ocrx_word' id='word_1_184' title='bbox 483 1533 547 1584; x_wconf 87' lang='lat' dir='ltr'>est</span> <span class='ocrx_word' id='word_1_185' title='bbox 572 1530 810 1598; x_wconf 86' lang='lat' dir='ltr'>bonorum</span> <span class='ocrx_word' id='word_1_186' title='bbox 840 1545 1140 1581; x_wconf 73' lang='lat' dir='ltr'>externorum</span> <span class='ocrx_word' id='word_1_187' title='bbox 1169 1569 1184 1594; x_wconf 86' lang='lat'>‚</span> <span class='ocrx_word' id='word_1_188' title='bbox 1227 1532 1291 1582; x_wconf 77' lang='lat' dir='ltr'>ita</span> <span class='ocrx_word' id='word_1_189' title='bbox 1335 1531 1474 1583; x_wconf 79' lang='lat' dir='ltr'>Arist.</span> <span class='ocrx_word' id='word_1_190' title='bbox 1494 1530 1526 1580; x_wconf 92' lang='lat' dir='ltr'>l.</span> <span class='ocrx_word' id='word_1_191' title='bbox 1546 1544 1592 1592; x_wconf 87' lang='grc'>9.</span> <span class='ocrx_word' id='word_1_192' title='bbox 1610 1529 1723 1581; x_wconf 86' lang='lat' dir='ltr'><strong>Eth.</strong></span> 
     </span>
     <span class='ocr_line' id='line_1_22' title="bbox 183 1602 707 1657; baseline -0.017 -1"><span class='ocrx_word' id='word_1_193' title='bbox 183 1622 226 1657; x_wconf 89' lang='lat' dir='ltr'>c.</span> <span class='ocrx_word' id='word_1_194' title='bbox 255 1621 330 1655; x_wconf 88' lang='lat'>11.</span> <span class='ocrx_word' id='word_1_195' title='bbox 369 1602 420 1652; x_wconf 81' lang='lat'>&amp;</span> <span class='ocrx_word' id='word_1_196' title='bbox 442 1604 473 1652; x_wconf 88' lang='lat' dir='ltr'>l.</span> <span class='ocrx_word' id='word_1_197' title='bbox 499 1617 576 1650; x_wconf 90' lang='lat'>10.</span> <span class='ocrx_word' id='word_1_198' title='bbox 601 1616 642 1649; x_wconf 92' lang='lat' dir='ltr'>c.</span> <span class='ocrx_word' id='word_1_199' title='bbox 664 1610 707 1655; x_wconf 78' lang='lat'>8.</span> 
     </span>
    </p>

    <p class='ocr_par' dir='ltr' id='par_1_3' title="bbox 177 1665 1773 2415">
     <span class='ocr_line' id='line_1_23' title="bbox 294 1665 1731 1733; baseline -0.002 -11"><span class='ocrx_word' id='word_1_200' title='bbox 294 1673 478 1723; x_wconf 84' lang='lat' dir='ltr'>Malum</span> <span class='ocrx_word' id='word_1_201' title='bbox 508 1669 587 1718; x_wconf 91' lang='lat' dir='ltr'>seu</span> <span class='ocrx_word' id='word_1_202' title='bbox 616 1666 968 1733; x_wconf 49' lang='lat' dir='ltr'>imperfecffum,</span> <span class='ocrx_word' id='word_1_203' title='bbox 1004 1666 1115 1733; x_wconf 86' lang='lat' dir='ltr'>quid</span> <span class='ocrx_word' id='word_1_204' title='bbox 1149 1666 1205 1716; x_wconf 82' lang='lat' dir='ltr'>ab</span> <span class='ocrx_word' id='word_1_205' title='bbox 1230 1666 1455 1733; x_wconf 78' lang='lat' dir='ltr'>opposito</span> <span class='ocrx_word' id='word_1_206' title='bbox 1481 1665 1558 1731; x_wconf 88' lang='lat' dir='ltr'>fit,</span> <span class='ocrx_word' id='word_1_207' title='bbox 1587 1665 1731 1719; x_wconf 69' lang='lat' dir='ltr'>facile?</span> 
     </span>
     <span class='ocr_line' id='line_1_24' title="bbox 186 1736 1721 1809; baseline -0.005 -18"><span class='ocrx_word' id='word_1_208' title='bbox 186 1742 451 1809; x_wconf 79' lang='lat' dir='ltr'>intelliges,</span> <span class='ocrx_word' id='word_1_209' title='bbox 481 1736 658 1788; x_wconf 82' lang='lat' dir='ltr'>scilieet</span> <span class='ocrx_word' id='word_1_210' title='bbox 686 1737 764 1794; x_wconf 83' lang='lat' dir='ltr'>id,</span> <span class='ocrx_word' id='word_1_211' title='bbox 807 1739 876 1784; x_wconf 77' lang='lat' dir='ltr'>cui</span> <span class='ocrx_word' id='word_1_212' title='bbox 911 1736 1026 1800; x_wconf 80' lang='lat' dir='ltr'>deest</span> <span class='ocrx_word' id='word_1_213' title='bbox 1061 1736 1245 1803; x_wconf 79' lang='lat' dir='ltr'>aliquid</span> <span class='ocrx_word' id='word_1_214' title='bbox 1265 1739 1328 1784; x_wconf 82' lang='lat' dir='ltr'>ad</span> <span class='ocrx_word' id='word_1_215' title='bbox 1349 1736 1549 1785; x_wconf 78' lang='lat' dir='ltr'>debitam</span> <span class='ocrx_word' id='word_1_216' title='bbox 1564 1738 1721 1800; x_wconf 66' lang='lat' dir='ltr'>perfb-</span> 
     </span>
     <span class='ocr_line' id='line_1_25' title="bbox 184 1803 1726 1875; baseline -0.005 -15"><span class='ocrx_word' id='word_1_217' title='bbox 184 1812 384 1861; x_wconf 61' lang='lat' dir='ltr'>aionem.</span> <span class='ocrx_word' id='word_1_218' title='bbox 452 1804 601 1875; x_wconf 75' lang='lat' dir='ltr'>Qtod</span> <span class='ocrx_word' id='word_1_219' title='bbox 627 1803 678 1853; x_wconf 79' lang='lat' dir='ltr'>fit</span> <span class='ocrx_word' id='word_1_220' title='bbox 706 1804 780 1854; x_wconf 87' lang='lat' dir='ltr'>vel</span> <span class='ocrx_word' id='word_1_221' title='bbox 814 1806 1026 1870; x_wconf 63' lang='lat' dir='ltr'>negatio&amp;</span> <span class='ocrx_word' id='word_1_222' title='bbox 1058 1822 1141 1868; x_wconf 87' lang='lat' dir='ltr'>per</span> <span class='ocrx_word' id='word_1_223' title='bbox 1168 1821 1331 1870; x_wconf 88' lang='lat' dir='ltr'>puram</span> <span class='ocrx_word' id='word_1_224' title='bbox 1370 1803 1676 1870; x_wconf 85' lang='lat' dir='ltr'>privationem</span> <span class='ocrx_word' id='word_1_225' title='bbox 1705 1843 1726 1869; x_wconf 75' lang='lat'>,</span> 
     </span>
     <span class='ocr_line' id='line_1_26' title="bbox 182 1872 1725 1947; baseline -0.005 -17"><span class='ocrx_word' id='word_1_226' title='bbox 182 1898 225 1930; x_wconf 88' lang='lat' dir='ltr'>v.</span> <span class='ocrx_word' id='word_1_227' title='bbox 241 1896 290 1947; x_wconf 86' lang='lat' dir='ltr'>g.</span> <span class='ocrx_word' id='word_1_228' title='bbox 311 1877 491 1929; x_wconf 78' lang='lat' dir='ltr'>caecitas</span> <span class='ocrx_word' id='word_1_229' title='bbox 516 1875 566 1924; x_wconf 88' lang='lat' dir='ltr'>in</span> <span class='ocrx_word' id='word_1_230' title='bbox 610 1873 782 1930; x_wconf 88' lang='lat' dir='ltr'>oculo,</span> <span class='ocrx_word' id='word_1_231' title='bbox 807 1875 881 1921; x_wconf 88' lang='lat' dir='ltr'>vel</span> <span class='ocrx_word' id='word_1_232' title='bbox 911 1873 1101 1939; x_wconf 67' lang='lat' dir='ltr'>posttiv&amp;</span> <span class='ocrx_word' id='word_1_233' title='bbox 1131 1872 1361 1937; x_wconf 87' lang='lat' dir='ltr'>ponendo</span> <span class='ocrx_word' id='word_1_234' title='bbox 1398 1873 1676 1922; x_wconf 86' lang='lat' dir='ltr'>contrarium</span> <span class='ocrx_word' id='word_1_235' title='bbox 1703 1909 1725 1933; x_wconf 68' lang='grc'><strong>,</strong></span> 
     </span>
     <span class='ocr_line' id='line_1_27' title="bbox 182 1939 1721 2016; baseline -0.003 -20"><span class='ocrx_word' id='word_1_236' title='bbox 182 1964 228 1999; x_wconf 86' lang='lat' dir='ltr'>v.</span> <span class='ocrx_word' id='word_1_237' title='bbox 247 1966 294 2016; x_wconf 86' lang='lat' dir='ltr'>g.</span> <span class='ocrx_word' id='word_1_238' title='bbox 325 1947 452 1998; x_wconf 84' lang='lat' dir='ltr'>calor</span> <span class='ocrx_word' id='word_1_239' title='bbox 482 1944 533 1993; x_wconf 85' lang='lat' dir='ltr'>in</span> <span class='ocrx_word' id='word_1_240' title='bbox 566 1959 710 2008; x_wconf 86' lang='lat' dir='ltr'>aqua,</span> <span class='ocrx_word' id='word_1_241' title='bbox 741 1940 881 1990; x_wconf 89' lang='lat' dir='ltr'>dolor</span> <span class='ocrx_word' id='word_1_242' title='bbox 920 1941 966 1990; x_wconf 84' lang='lat' dir='ltr'>in</span> <span class='ocrx_word' id='word_1_243' title='bbox 1003 1957 1216 2005; x_wconf 83' lang='lat' dir='ltr'>corpore.</span> <span class='ocrx_word' id='word_1_244' title='bbox 1297 1940 1529 2006; x_wconf 85' lang='lat' dir='ltr'>Lepidum</span> <span class='ocrx_word' id='word_1_245' title='bbox 1562 1939 1613 1989; x_wconf 92' lang='lat' dir='ltr'>id</span> <span class='ocrx_word' id='word_1_246' title='bbox 1652 1940 1721 1992; x_wconf 85' lang='lat' dir='ltr'>sa-</span> 
     </span>
     <span class='ocr_line' id='line_1_28' title="bbox 180 2006 1773 2082; baseline -0.003 -18"><span class='ocrx_word' id='word_1_247' title='bbox 180 2015 243 2068; x_wconf 70' lang='lat' dir='ltr'>ne</span> <span class='ocrx_word' id='word_1_248' title='bbox 258 2049 274 2076; x_wconf 90' lang='lat'>‚</span> <span class='ocrx_word' id='word_1_249' title='bbox 297 2015 431 2082; x_wconf 87' lang='lat' dir='ltr'>quod</span> <span class='ocrx_word' id='word_1_250' title='bbox 453 2010 599 2077; x_wconf 80' lang='lat' dir='ltr'>aliqui</span> <span class='ocrx_word' id='word_1_251' title='bbox 625 2027 732 2059; x_wconf 90' lang='lat' dir='ltr'>cum</span> <span class='ocrx_word' id='word_1_252' title='bbox 763 2006 969 2059; x_wconf 88' lang='lat' dir='ltr'>Cartefio</span> <span class='ocrx_word' id='word_1_253' title='bbox 991 2006 1043 2057; x_wconf 72' lang='lat' dir='ltr'>&lt;Sc</span> <span class='ocrx_word' id='word_1_254' title='bbox 1073 2009 1245 2060; x_wconf 84' lang='lat' dir='ltr'>Stoicis</span> <span class='ocrx_word' id='word_1_255' title='bbox 1271 2010 1478 2060; x_wconf 83' lang='lat' dir='ltr'>censeant</span> <span class='ocrx_word' id='word_1_256' title='bbox 1499 2007 1725 2064; x_wconf 80' lang='lat' dir='ltr'>dolorem</span> <span class='ocrx_word' id='word_1_257' title='bbox 1769 2014 1773 2016; x_wconf 78' lang='grc'><strong>’</strong></span> 
     </span>
     <span class='ocr_line' id='line_1_29' title="bbox 181 2077 1722 2150; baseline -0.003 -16"><span class='ocrx_word' id='word_1_258' title='bbox 181 2084 397 2150; x_wconf 86' lang='lat' dir='ltr'>corporis</span> <span class='ocrx_word' id='word_1_259' title='bbox 423 2081 538 2132; x_wconf 87' lang='lat' dir='ltr'>nihil</span> <span class='ocrx_word' id='word_1_260' title='bbox 568 2077 654 2128; x_wconf 79' lang='lat' dir='ltr'>esse</span> <span class='ocrx_word' id='word_1_261' title='bbox 680 2091 803 2127; x_wconf 85' lang='lat' dir='ltr'>extra</span> <span class='ocrx_word' id='word_1_262' title='bbox 836 2078 1144 2137; x_wconf 66' lang='lat' dir='ltr'>intellectum3</span> <span class='ocrx_word' id='word_1_263' title='bbox 1177 2095 1258 2128; x_wconf 88' lang='lat' dir='ltr'>cur</span> <span class='ocrx_word' id='word_1_264' title='bbox 1280 2096 1427 2146; x_wconf 71' lang='lat' dir='ltr'>aeger,</span> <span class='ocrx_word' id='word_1_265' title='bbox 1465 2080 1541 2142; x_wconf 89' lang='lat' dir='ltr'>qui</span> <span class='ocrx_word' id='word_1_266' title='bbox 1563 2091 1722 2134; x_wconf 73' lang='lat' dir='ltr'>tamen</span> 
     </span>
     <span class='ocr_line' id='line_1_30' title="bbox 179 2144 1721 2218; baseline -0.002 -16"><span class='ocrx_word' id='word_1_267' title='bbox 179 2150 368 2218; x_wconf 86' lang='lat' dir='ltr'>sapiens</span> <span class='ocrx_word' id='word_1_268' title='bbox 397 2151 481 2213; x_wconf 87' lang='lat' dir='ltr'>est,</span> <span class='ocrx_word' id='word_1_269' title='bbox 518 2148 587 2197; x_wconf 89' lang='lat' dir='ltr'>uri</span> <span class='ocrx_word' id='word_1_270' title='bbox 606 2187 619 2209; x_wconf 89' lang='lat'>‚</span> <span class='ocrx_word' id='word_1_271' title='bbox 641 2144 808 2206; x_wconf 84' lang='lat' dir='ltr'>secari,</span> <span class='ocrx_word' id='word_1_272' title='bbox 836 2144 889 2194; x_wconf 83' lang='lat'>&amp;</span> <span class='ocrx_word' id='word_1_273' title='bbox 914 2147 1077 2195; x_wconf 85' lang='lat' dir='ltr'>amaris</span> <span class='ocrx_word' id='word_1_274' title='bbox 1105 2147 1364 2210; x_wconf 82' lang='lat' dir='ltr'>pharmacis</span> <span class='ocrx_word' id='word_1_275' title='bbox 1387 2146 1598 2210; x_wconf 89' lang='lat' dir='ltr'>torqueri</span> <span class='ocrx_word' id='word_1_276' title='bbox 1616 2164 1721 2200; x_wconf 77' lang='lat' dir='ltr'>non</span> 
     </span>
     <span class='ocr_line' id='line_1_31' title="bbox 177 2213 1720 2270; baseline -0.008 -1"><span class='ocrx_word' id='word_1_277' title='bbox 177 2217 401 2270; x_wconf 82' lang='lat' dir='ltr'>sustinet?</span> <span class='ocrx_word' id='word_1_278' title='bbox 470 2218 630 2269; x_wconf 87' lang='lat' dir='ltr'>n6nne</span> <span class='ocrx_word' id='word_1_279' title='bbox 661 2216 732 2264; x_wconf 88' lang='lat' dir='ltr'>vel</span> <span class='ocrx_word' id='word_1_280' title='bbox 772 2227 973 2262; x_wconf 87' lang='lat' dir='ltr'>mentem</span> <span class='ocrx_word' id='word_1_281' title='bbox 1010 2213 1144 2262; x_wconf 70' lang='lat' dir='ltr'>facile</span> <span class='ocrx_word' id='word_1_282' title='bbox 1176 2214 1378 2264; x_wconf 82' lang='lat' dir='ltr'>firmaret</span> <span class='ocrx_word' id='word_1_283' title='bbox 1401 2214 1450 2262; x_wconf 86' lang='lat' dir='ltr'>in</span> <span class='ocrx_word' id='word_1_284' title='bbox 1495 2216 1720 2265; x_wconf 84' lang='lat' dir='ltr'>contrari.</span> 
     </span>
     <span class='ocr_line' id='line_1_32' title="bbox 180 2280 1713 2353; baseline -0.003 -14"><span class='ocrx_word' id='word_1_285' title='bbox 180 2307 264 2339; x_wconf 85' lang='lat' dir='ltr'>um</span> <span class='ocrx_word' id='word_1_286' title='bbox 300 2287 518 2353; x_wconf 69' lang='lat' dir='ltr'>sapientia</span> <span class='ocrx_word' id='word_1_287' title='bbox 545 2284 649 2342; x_wconf 68' lang='lat' dir='ltr'>sua,</span> <span class='ocrx_word' id='word_1_288' title='bbox 678 2281 710 2331; x_wconf 86' lang='lat' dir='ltr'>fi</span> <span class='ocrx_word' id='word_1_289' title='bbox 737 2280 789 2329; x_wconf 83' lang='lat' dir='ltr'>id</span> <span class='ocrx_word' id='word_1_290' title='bbox 812 2316 824 2340; x_wconf 82' lang='lat'>‚</span> <span class='ocrx_word' id='word_1_291' title='bbox 862 2280 995 2347; x_wconf 85' lang='lat' dir='ltr'>quod</span> <span class='ocrx_word' id='word_1_292' title='bbox 1021 2280 1180 2345; x_wconf 82' lang='lat' dir='ltr'>sentit,</span> <span class='ocrx_word' id='word_1_293' title='bbox 1212 2284 1330 2333; x_wconf 85' lang='lat' dir='ltr'>nihil</span> <span class='ocrx_word' id='word_1_294' title='bbox 1361 2281 1471 2331; x_wconf 72' lang='lat' dir='ltr'>esset</span> <span class='ocrx_word' id='word_1_295' title='bbox 1495 2299 1620 2334; x_wconf 84' lang='lat' dir='ltr'>extra</span> <span class='ocrx_word' id='word_1_296' title='bbox 1642 2285 1713 2334; x_wconf 81' lang='lat' dir='ltr'>in·</span> 
     </span>
     <span class='ocr_line' id='line_1_33' title="bbox 179 2350 1711 2415; baseline -0.006 -7"><span class='ocrx_word' id='word_1_297' title='bbox 179 2357 447 2409; x_wconf 69' lang='lat' dir='ltr'>tellestum?</span> <span class='ocrx_word' id='word_1_298' title='bbox 476 2350 736 2403; x_wconf 84' lang='lat' dir='ltr'>Contunde</span> <span class='ocrx_word' id='word_1_299' title='bbox 780 2364 901 2399; x_wconf 85' lang='lat' dir='ltr'>artus</span> <span class='ocrx_word' id='word_1_300' title='bbox 941 2367 1104 2400; x_wconf 87' lang='lat' dir='ltr'>omnes</span> <span class='ocrx_word' id='word_1_301' title='bbox 1152 2350 1442 2414; x_wconf 77' lang='lat' dir='ltr'>Philosopho</span> <span class='ocrx_word' id='word_1_302' title='bbox 1487 2353 1604 2415; x_wconf 85' lang='lat' dir='ltr'>tali,</span> <span class='ocrx_word' id='word_1_303' title='bbox 1656 2350 1711 2404; x_wconf 67' lang='grc' dir='ltr'>ὃς</span> 
     </span>
    </p>

    <p class='ocr_par' dir='ltr' id='par_1_4' title="bbox 177 2417 1711 2692">
     <span class='ocr_line' id='line_1_34' title="bbox 218 2417 1711 2483; baseline -0.005 -8"><span class='ocrx_word' id='word_1_304' title='bbox 218 2441 336 2476; x_wconf 81' lang='lat' dir='ltr'>uaere</span> <span class='ocrx_word' id='word_1_305' title='bbox 354 2461 366 2483; x_wconf 90' lang='lat'>‚</span> <span class='ocrx_word' id='word_1_306' title='bbox 401 2441 457 2474; x_wconf 87' lang='lat' dir='ltr'>an</span> <span class='ocrx_word' id='word_1_307' title='bbox 479 2422 596 2474; x_wconf 88' lang='lat' dir='ltr'>nihil</span> <span class='ocrx_word' id='word_1_308' title='bbox 627 2418 679 2469; x_wconf 88' lang='lat' dir='ltr'>fit</span> <span class='ocrx_word' id='word_1_309' title='bbox 701 2431 825 2470; x_wconf 83' lang='lat' dir='ltr'>extta</span> <span class='ocrx_word' id='word_1_310' title='bbox 855 2435 1027 2483; x_wconf 85' lang='lat' dir='ltr'>corpus</span> <span class='ocrx_word' id='word_1_311' title='bbox 1056 2419 1198 2469; x_wconf 89' lang='lat' dir='ltr'>dolor</span> <span class='ocrx_word' id='word_1_312' title='bbox 1232 2419 1308 2469; x_wconf 86' lang='lat' dir='ltr'>ille</span> <span class='ocrx_word' id='word_1_313' title='bbox 1334 2420 1354 2467; x_wconf 67' lang='grc' dir='ltr'><em>ἲ</em></span> <span class='ocrx_word' id='word_1_314' title='bbox 1390 2417 1440 2469; x_wconf 81' lang='lat'>&amp;</span> <span class='ocrx_word' id='word_1_315' title='bbox 1468 2418 1602 2471; x_wconf 72' lang='lat' dir='ltr'>facile</span> <span class='ocrx_word' id='word_1_316' title='bbox 1631 2438 1711 2470; x_wconf 89' lang='lat' dir='ltr'>au-</span> 
     </span>
     <span class='ocr_line' id='line_1_35' title="bbox 180 2445 1711 2556; baseline -0.003 -12"><span class='ocrx_word' id='word_1_317' title='bbox 180 2445 280 2545; x_wconf 54' lang='lat' dir='ltr'>gies</span> <span class='ocrx_word' id='word_1_318' title='bbox 318 2495 595 2543; x_wconf 86' lang='lat' dir='ltr'>clamantem</span> <span class='ocrx_word' id='word_1_319' title='bbox 620 2505 728 2538; x_wconf 90' lang='lat' dir='ltr'>cum</span> <span class='ocrx_word' id='word_1_320' title='bbox 763 2486 1055 2556; x_wconf 84' lang='lat' dir='ltr'>podagrico,</span> <span class='ocrx_word' id='word_1_321' title='bbox 1083 2487 1145 2538; x_wconf 72' lang='lat' dir='ltr'>ne</span> <span class='ocrx_word' id='word_1_322' title='bbox 1172 2490 1407 2539; x_wconf 84' lang='lat' dir='ltr'>tumidum</span> <span class='ocrx_word' id='word_1_323' title='bbox 1444 2505 1615 2553; x_wconf 86' lang='lat' dir='ltr'>corpus</span> <span class='ocrx_word' id='word_1_324' title='bbox 1637 2490 1711 2540; x_wconf 77' lang='lat' dir='ltr'>vel</span> 
     </span>
     <span class='ocr_line' id='line_1_36' title="bbox 179 2555 1711 2630; baseline -0.003 -18"><span class='ocrx_word' id='word_1_325' title='bbox 179 2579 363 2630; x_wconf 84' lang='lat' dir='ltr'>premas</span> <span class='ocrx_word' id='word_1_326' title='bbox 381 2594 395 2619; x_wconf 92' lang='lat'><strong>,</strong></span> <span class='ocrx_word' id='word_1_327' title='bbox 423 2562 494 2611; x_wconf 87' lang='lat' dir='ltr'>vel</span> <span class='ocrx_word' id='word_1_328' title='bbox 519 2572 710 2624; x_wconf 75' lang='lat' dir='ltr'>tanga83</span> <span class='ocrx_word' id='word_1_329' title='bbox 747 2556 853 2622; x_wconf 88' lang='lat' dir='ltr'>quia</span> <span class='ocrx_word' id='word_1_330' title='bbox 879 2569 979 2606; x_wconf 87' lang='lat' dir='ltr'>tum</span> <span class='ocrx_word' id='word_1_331' title='bbox 1006 2556 1127 2605; x_wconf 67' lang='lat' dir='ltr'>reste</span> <span class='ocrx_word' id='word_1_332' title='bbox 1157 2558 1302 2624; x_wconf 79' lang='lat' dir='ltr'>affligi</span> <span class='ocrx_word' id='word_1_333' title='bbox 1332 2555 1379 2606; x_wconf 88' lang='lat' dir='ltr'>se</span> <span class='ocrx_word' id='word_1_334' title='bbox 1403 2555 1561 2621; x_wconf 83' lang='lat' dir='ltr'>sentit,</span> <span class='ocrx_word' id='word_1_335' title='bbox 1596 2557 1711 2611; x_wconf 69' lang='lat' dir='ltr'>cum</span> 
     </span>
     <span class='ocr_line' id='line_1_37' title="bbox 177 2624 1472 2692; baseline -0.008 -8"><span class='ocrx_word' id='word_1_336' title='bbox 177 2634 207 2684; x_wconf 72' lang='grc' dir='ltr'>ὲ</span> <span class='ocrx_word' id='word_1_337' title='bbox 243 2646 291 2682; x_wconf 89' lang='lat' dir='ltr'>te</span> <span class='ocrx_word' id='word_1_338' title='bbox 325 2631 461 2679; x_wconf 86' lang='lat' dir='ltr'>etiam</span> <span class='ocrx_word' id='word_1_339' title='bbox 493 2625 729 2685; x_wconf 77' lang='lat' dir='ltr'>nesciens,</span> <span class='ocrx_word' id='word_1_340' title='bbox 764 2641 914 2689; x_wconf 84' lang='lat' dir='ltr'>neque</span> <span class='ocrx_word' id='word_1_341' title='bbox 943 2636 989 2673; x_wconf 91' lang='lat' dir='ltr'>te</span> <span class='ocrx_word' id='word_1_342' title='bbox 1019 2624 1210 2685; x_wconf 80' lang='lat' dir='ltr'>videns,</span> <span class='ocrx_word' id='word_1_343' title='bbox 1244 2640 1472 2692; x_wconf 81' lang='lat' dir='ltr'>tangatur.</span> 
     </span>
    </p>

    <p class='ocr_par' dir='ltr' id='par_1_5' title="bbox 175 2691 1716 2825">
     <span class='ocr_line' id='line_1_38' title="bbox 284 2691 1716 2761; baseline -0.004 -12"><span class='ocrx_word' id='word_1_344' title='bbox 284 2701 467 2750; x_wconf 89' lang='lat' dir='ltr'>Malum</span> <span class='ocrx_word' id='word_1_345' title='bbox 493 2695 674 2746; x_wconf 89' lang='lat' dir='ltr'>ibidem</span> <span class='ocrx_word' id='word_1_346' title='bbox 702 2694 871 2761; x_wconf 81' lang='lat' dir='ltr'>triplex</span> <span class='ocrx_word' id='word_1_347' title='bbox 904 2691 990 2742; x_wconf 86' lang='lat' dir='ltr'>est:</span> <span class='ocrx_word' id='word_1_348' title='bbox 1041 2709 1081 2743; x_wconf 90' lang='lat'>1.</span> <span class='ocrx_word' id='word_1_349' title='bbox 1124 2694 1384 2756; x_wconf 81' lang='lat' dir='ltr'>Naturale,</span> <span class='ocrx_word' id='word_1_350' title='bbox 1423 2691 1554 2759; x_wconf 90' lang='lat' dir='ltr'>quod</span> <span class='ocrx_word' id='word_1_351' title='bbox 1581 2705 1716 2744; x_wconf 84' lang='lat' dir='ltr'>natu-</span> 
     </span>
     <span class='ocr_line' id='line_1_39' title="bbox 175 2760 1712 2825; baseline -0.007 -5"><span class='ocrx_word' id='word_1_352' title='bbox 175 2785 238 2820; x_wconf 83' lang='lat' dir='ltr'>rae</span> <span class='ocrx_word' id='word_1_353' title='bbox 263 2767 590 2825; x_wconf 86' lang='lat' dir='ltr'>contrariatur,</span> <span class='ocrx_word' id='word_1_354' title='bbox 623 2763 676 2813; x_wconf 66' lang='lat' dir='ltr'>tit</span> <span class='ocrx_word' id='word_1_355' title='bbox 700 2774 828 2812; x_wconf 86' lang='lat' dir='ltr'>mors</span> <span class='ocrx_word' id='word_1_356' title='bbox 860 2760 1070 2819; x_wconf 87' lang='lat' dir='ltr'>homini,</span> <span class='ocrx_word' id='word_1_357' title='bbox 1109 2760 1159 2812; x_wconf 71' lang='grc' dir='ltr'>ὅτ</span> <span class='ocrx_word' id='word_1_358' title='bbox 1186 2761 1382 2812; x_wconf 84' lang='lat' dir='ltr'>animali.</span> <span class='ocrx_word' id='word_1_359' title='bbox 1467 2780 1509 2810; x_wconf 86' lang='lat'>2.</span> <span class='ocrx_word' id='word_1_360' title='bbox 1547 2761 1712 2811; x_wconf 84' lang='lat' dir='ltr'>Mora-</span> 
     </span>
    </p>
   </div>
   <div class='ocr_carea' id='block_1_3' title="bbox 178 2828 1716 2968">
    <p class='ocr_par' dir='ltr' id='par_1_6' title="bbox 178 2828 1716 2968">
     <span class='ocr_line' id='line_1_40' title="bbox 178 2828 1716 2953; baseline -0.007 -65"><span class='ocrx_word' id='word_1_361' title='bbox 178 2838 221 2889; x_wconf 76' lang='lat' dir='ltr'>le</span> <span class='ocrx_word' id='word_1_362' title='bbox 244 2837 327 2890; x_wconf 84' lang='lat' dir='ltr'>seu</span> <span class='ocrx_word' id='word_1_363' title='bbox 355 2836 491 2903; x_wconf 71' lang='lat' dir='ltr'>culpat</span> <span class='ocrx_word' id='word_1_364' title='bbox 504 2875 524 2901; x_wconf 75' lang='lat'><em>,</em></span> <span class='ocrx_word' id='word_1_365' title='bbox 560 2830 692 2902; x_wconf 88' lang='lat' dir='ltr'>quod</span> <span class='ocrx_word' id='word_1_366' title='bbox 726 2828 983 2884; x_wconf 81' lang='lat' dir='ltr'>adversatur</span> <span class='ocrx_word' id='word_1_367' title='bbox 1006 2830 1137 2887; x_wconf 61' lang='grc' dir='ltr'>κᾶε</span> <span class='ocrx_word' id='word_1_368' title='bbox 1162 2830 1336 2888; x_wconf 78' lang='lat' dir='ltr'>rationi</span> <span class='ocrx_word' id='word_1_369' title='bbox 1369 2831 1440 2886; x_wconf 78' lang='lat' dir='ltr'>vel</span> <span class='ocrx_word' id='word_1_370' title='bbox 1462 2829 1561 2899; x_wconf 83' lang='lat' dir='ltr'>legi</span> <span class='ocrx_word' id='word_1_371' title='bbox 1588 2829 1716 2953; x_wconf 62' lang='lat' dir='ltr'>3def3</span> 
     </span>
     <span class='ocr_line' id='line_1_41' title="bbox 1519 2915 1611 2968; baseline -0.011 -17"><span class='ocrx_word' id='word_1_372' title='bbox 1519 2915 1611 2968; x_wconf 86' lang='lat' dir='ltr'>quo</span> 
     </span>
    </p>
   </div>
  </div>
 </body>
</html>
