<?xml version="1.0" encoding="UTF-8"?>
<!DOCTYPE html PUBLIC "-//W3C//DTD XHTML 1.0 Transitional//EN"
    "http://www.w3.org/TR/xhtml1/DTD/xhtml1-transitional.dtd">
<html xmlns="http://www.w3.org/1999/xhtml" xml:lang="en" lang="en">
 <head>
  <title>
</title>
<meta http-equiv="Content-Type" content="text/html;charset=utf-8" />
  <meta name='ocr-system' content='tesseract 3.04.00' />
  <meta name='ocr-capabilities' content='ocr_page ocr_carea ocr_par ocr_line ocrx_word'/>
</head>
<body>
  <div class='ocr_page' id='page_1' title='image "./ideasapientisthe00vano_0341.png"; bbox 0 0 1832 3151; ppageno 0'>
   <div class='ocr_carea' id='block_1_1' title="bbox 468 122 1437 211">
    <p class='ocr_par' dir='ltr' id='par_1_1' title="bbox 468 122 1437 211">
     <span class='ocr_line' id='line_1_1' title="bbox 468 122 1437 211; baseline -0.008 -1"><span class='ocrx_word' id='word_1_1' title='bbox 468 122 1039 211; x_wconf 47' lang='lat' dir='ltr'>ffiwmffl</span> <span class='ocrx_word' id='word_1_2' title='bbox 1340 149 1437 202; x_wconf 78' lang='lat'>191</span> 
     </span>
    </p>
   </div>
   <div class='ocr_carea' id='block_1_2' title="bbox 0 224 1551 2941">
    <p class='ocr_par' dir='ltr' id='par_1_2' title="bbox 11 224 1542 1524">
     <span class='ocr_line' id='line_1_2' title="bbox 116 224 1534 293; baseline 0.002 -15"><span class='ocrx_word' id='word_1_3' title='bbox 116 228 383 291; x_wconf 77' lang='lat' dir='ltr'>Principum</span> <span class='ocrx_word' id='word_1_4' title='bbox 402 260 416 286; x_wconf 87' lang='lat'>,</span> <span class='ocrx_word' id='word_1_5' title='bbox 450 227 707 290; x_wconf 79' lang='lat' dir='ltr'>populique</span> <span class='ocrx_word' id='word_1_6' title='bbox 732 226 854 276; x_wconf 83' lang='lat' dir='ltr'>vitiis</span> <span class='ocrx_word' id='word_1_7' title='bbox 879 228 1022 277; x_wconf 85' lang='lat' dir='ltr'>everti</span> <span class='ocrx_word' id='word_1_8' title='bbox 1049 224 1349 293; x_wconf 78' lang='lat' dir='ltr'>Respublicas</span> <span class='ocrx_word' id='word_1_9' title='bbox 1370 269 1383 292; x_wconf 90' lang='lat'>‚</span> <span class='ocrx_word' id='word_1_10' title='bbox 1426 249 1534 283; x_wconf 84' lang='lat' dir='ltr'>cum</span> 
     </span>
     <span class='ocr_line' id='line_1_3' title="bbox 13 292 1540 368; baseline 0.001 -21"><span class='ocrx_word' id='word_1_11' title='bbox 13 301 188 368; x_wconf 72' lang='lat' dir='ltr'>pagina</span> <span class='ocrx_word' id='word_1_12' title='bbox 213 295 334 346; x_wconf 85' lang='lat' dir='ltr'>sacra</span> <span class='ocrx_word' id='word_1_13' title='bbox 360 294 474 344; x_wconf 85' lang='lat' dir='ltr'>ratio</span> <span class='ocrx_word' id='word_1_14' title='bbox 493 328 510 357; x_wconf 90' lang='lat'>‚</span> <span class='ocrx_word' id='word_1_15' title='bbox 547 292 598 343; x_wconf 69' lang='grc' dir='ltr'>ἃ</span> <span class='ocrx_word' id='word_1_16' title='bbox 629 294 911 358; x_wconf 80' lang='lat' dir='ltr'>experientia</span> <span class='ocrx_word' id='word_1_17' title='bbox 937 311 1021 344; x_wconf 87' lang='lat' dir='ltr'>nos</span> <span class='ocrx_word' id='word_1_18' title='bbox 1041 294 1228 345; x_wconf 86' lang='lat' dir='ltr'>docent.</span> <span class='ocrx_word' id='word_1_19' title='bbox 1302 299 1540 362; x_wconf 60' lang='lat' dir='ltr'>Sapientis:</span> 
     </span>
     <span class='ocr_line' id='line_1_4' title="bbox 11 362 1532 434; baseline 0 -17"><span class='ocrx_word' id='word_1_20' title='bbox 11 367 124 418; x_wconf 68' lang='lat' dir='ltr'>lime</span> <span class='ocrx_word' id='word_1_21' title='bbox 142 362 482 416; x_wconf 81' lang='lat' dir='ltr'>Ecclefiastieus</span> <span class='ocrx_word' id='word_1_22' title='bbox 500 378 540 411; x_wconf 86' lang='lat' dir='ltr'>c.</span> <span class='ocrx_word' id='word_1_23' title='bbox 561 376 633 411; x_wconf 90' lang='lat'>10.</span> <span class='ocrx_word' id='word_1_24' title='bbox 658 363 871 430; x_wconf 81' lang='lat' dir='ltr'><strong>Regnum</strong></span> <span class='ocrx_word' id='word_1_25' title='bbox 892 401 902 423; x_wconf 91' lang='lat'>,</span> <span class='ocrx_word' id='word_1_26' title='bbox 929 364 988 412; x_wconf 85' lang='lat' dir='ltr'>ait</span> <span class='ocrx_word' id='word_1_27' title='bbox 1012 397 1022 420; x_wconf 81' lang='lat'>=</span> <span class='ocrx_word' id='word_1_28' title='bbox 1062 364 1086 410; x_wconf 68' lang='lat' dir='ltr'>a</span> <span class='ocrx_word' id='word_1_29' title='bbox 1109 378 1247 431; x_wconf 88' lang='lat' dir='ltr'>gente</span> <span class='ocrx_word' id='word_1_30' title='bbox 1274 367 1320 414; x_wconf 90' lang='lat' dir='ltr'>in</span> <span class='ocrx_word' id='word_1_31' title='bbox 1344 382 1532 434; x_wconf 80' lang='lat' dir='ltr'>gentem</span> 
     </span>
     <span class='ocr_line' id='line_1_5' title="bbox 15 429 1529 500; baseline -0.001 -14"><span class='ocrx_word' id='word_1_32' title='bbox 15 435 284 486; x_wconf 77' lang='lat' dir='ltr'>transfertur</span> <span class='ocrx_word' id='word_1_33' title='bbox 306 445 502 495; x_wconf 84' lang='lat' dir='ltr'>propter</span> <span class='ocrx_word' id='word_1_34' title='bbox 517 429 730 495; x_wconf 78' lang='lat' dir='ltr'>injustius</span> <span class='ocrx_word' id='word_1_35' title='bbox 750 471 764 494; x_wconf 85' lang='lat'><em>,</em></span> <span class='ocrx_word' id='word_1_36' title='bbox 803 429 853 479; x_wconf 83' lang='lat'>&amp;</span> <span class='ocrx_word' id='word_1_37' title='bbox 878 432 1082 496; x_wconf 79' lang='lat' dir='ltr'>injurias</span> <span class='ocrx_word' id='word_1_38' title='bbox 1106 466 1116 489; x_wconf 87' lang='lat'>‚</span> <span class='ocrx_word' id='word_1_39' title='bbox 1150 429 1202 480; x_wconf 67' lang='grc' dir='ltr'>ἃ,</span> <span class='ocrx_word' id='word_1_40' title='bbox 1222 435 1529 500; x_wconf 69' lang='lat' dir='ltr'>contumelias,</span> 
     </span>
     <span class='ocr_line' id='line_1_6' title="bbox 15 497 1531 568; baseline 0.001 -15"><span class='ocrx_word' id='word_1_41' title='bbox 15 501 73 552; x_wconf 85' lang='lat'>&amp;</span> <span class='ocrx_word' id='word_1_42' title='bbox 102 505 234 552; x_wconf 88' lang='lat' dir='ltr'>dolos.</span> <span class='ocrx_word' id='word_1_43' title='bbox 303 497 519 549; x_wconf 83' lang='lat' dir='ltr'>Vocibus</span> <span class='ocrx_word' id='word_1_44' title='bbox 547 512 743 563; x_wconf 87' lang='lat' dir='ltr'>quatuor</span> <span class='ocrx_word' id='word_1_45' title='bbox 783 498 1113 566; x_wconf 73' lang='lat' dir='ltr'>elegantissime</span> <span class='ocrx_word' id='word_1_46' title='bbox 1139 500 1320 567; x_wconf 81' lang='lat' dir='ltr'>Regum</span> <span class='ocrx_word' id='word_1_47' title='bbox 1355 499 1531 568; x_wconf 84' lang='lat' dir='ltr'>sapien-</span> 
     </span>
     <span class='ocr_line' id='line_1_7' title="bbox 15 565 1542 631; baseline -0.001 -9"><span class='ocrx_word' id='word_1_48' title='bbox 15 571 212 622; x_wconf 71' lang='lat' dir='ltr'>tissimus</span> <span class='ocrx_word' id='word_1_49' title='bbox 251 565 404 618; x_wconf 80' lang='lat' dir='ltr'>causas</span> <span class='ocrx_word' id='word_1_50' title='bbox 439 584 631 628; x_wconf 84' lang='lat' dir='ltr'>omnes,</span> <span class='ocrx_word' id='word_1_51' title='bbox 675 565 844 631; x_wconf 85' lang='lat' dir='ltr'>quibus</span> <span class='ocrx_word' id='word_1_52' title='bbox 872 566 1140 626; x_wconf 80' lang='lat' dir='ltr'>turbantur,</span> <span class='ocrx_word' id='word_1_53' title='bbox 1180 566 1233 617; x_wconf 70' lang='grc' dir='ltr'><strong>δί</strong></span> <span class='ocrx_word' id='word_1_54' title='bbox 1273 572 1542 621; x_wconf 82' lang='lat' dir='ltr'>convellun-</span> 
     </span>
     <span class='ocr_line' id='line_1_8' title="bbox 14 634 1535 705; baseline 0.004 -21"><span class='ocrx_word' id='word_1_55' title='bbox 14 654 94 689; x_wconf 85' lang='lat' dir='ltr'>tur</span> <span class='ocrx_word' id='word_1_56' title='bbox 119 637 310 705; x_wconf 85' lang='lat' dir='ltr'>imperia</span> <span class='ocrx_word' id='word_1_57' title='bbox 340 674 351 697; x_wconf 82' lang='lat'><em>,</em></span> <span class='ocrx_word' id='word_1_58' title='bbox 401 634 743 701; x_wconf 60' lang='lat' dir='ltr'>complectitur.</span> <span class='ocrx_word' id='word_1_59' title='bbox 814 637 1041 701; x_wconf 84' lang='lat' dir='ltr'>Duplices</span> <span class='ocrx_word' id='word_1_60' title='bbox 1075 636 1182 686; x_wconf 74' lang='lat' dir='ltr'>alias</span> <span class='ocrx_word' id='word_1_61' title='bbox 1224 640 1535 690; x_wconf 86' lang='lat' dir='ltr'>communiter</span> 
     </span>
     <span class='ocr_line' id='line_1_9' title="bbox 14 702 1537 776; baseline 0 -19"><span class='ocrx_word' id='word_1_62' title='bbox 14 707 240 776; x_wconf 70' lang='lat' dir='ltr'>assignant</span> <span class='ocrx_word' id='word_1_63' title='bbox 276 703 494 761; x_wconf 82' lang='lat' dir='ltr'>Politici,</span> <span class='ocrx_word' id='word_1_64' title='bbox 530 719 779 764; x_wconf 80' lang='lat' dir='ltr'>externas,</span> <span class='ocrx_word' id='word_1_65' title='bbox 821 702 933 751; x_wconf 86' lang='lat' dir='ltr'>dum</span> <span class='ocrx_word' id='word_1_66' title='bbox 976 702 1148 753; x_wconf 73' lang='lat' dir='ltr'>scilicet</span> <span class='ocrx_word' id='word_1_67' title='bbox 1179 719 1367 756; x_wconf 84' lang='lat' dir='ltr'>externo</span> <span class='ocrx_word' id='word_1_68' title='bbox 1398 706 1537 757; x_wconf 87' lang='lat' dir='ltr'>hosti-</span> 
     </span>
     <span class='ocr_line' id='line_1_10' title="bbox 15 768 1535 837; baseline -0.001 -13"><span class='ocrx_word' id='word_1_69' title='bbox 15 775 130 825; x_wconf 88' lang='lat' dir='ltr'>lium</span> <span class='ocrx_word' id='word_1_70' title='bbox 160 773 390 823; x_wconf 85' lang='lat' dir='ltr'>bellorum</span> <span class='ocrx_word' id='word_1_71' title='bbox 417 768 602 820; x_wconf 88' lang='lat' dir='ltr'>incursu</span> <span class='ocrx_word' id='word_1_72' title='bbox 633 771 848 820; x_wconf 83' lang='lat' dir='ltr'>evertitur</span> <span class='ocrx_word' id='word_1_73' title='bbox 878 770 1155 837; x_wconf 82' lang='lat' dir='ltr'>Respublica</span> <span class='ocrx_word' id='word_1_74' title='bbox 1173 808 1186 831; x_wconf 90' lang='lat'>,</span> <span class='ocrx_word' id='word_1_75' title='bbox 1221 772 1281 821; x_wconf 91' lang='lat' dir='ltr'>de</span> <span class='ocrx_word' id='word_1_76' title='bbox 1306 771 1397 825; x_wconf 87' lang='lat' dir='ltr'>hoc</span> <span class='ocrx_word' id='word_1_77' title='bbox 1437 776 1535 826; x_wconf 84' lang='lat' dir='ltr'>dixi</span> 
     </span>
     <span class='ocr_line' id='line_1_11' title="bbox 16 837 1535 909; baseline 0.001 -18"><span class='ocrx_word' id='word_1_78' title='bbox 16 844 184 894; x_wconf 79' lang='lat' dir='ltr'>ultimo</span> <span class='ocrx_word' id='word_1_79' title='bbox 222 840 479 907; x_wconf 75' lang='lat' dir='ltr'>quaestiouis</span> <span class='ocrx_word' id='word_1_80' title='bbox 518 838 686 903; x_wconf 80' lang='lat' dir='ltr'>prioris</span> <span class='ocrx_word' id='word_1_81' title='bbox 715 837 756 902; x_wconf 81' lang='lat'>§.</span> <span class='ocrx_word' id='word_1_82' title='bbox 789 839 992 888; x_wconf 81' lang='lat' dir='ltr'>Internae</span> <span class='ocrx_word' id='word_1_83' title='bbox 1029 839 1128 889; x_wconf 84' lang='lat' dir='ltr'>sum</span> <span class='ocrx_word' id='word_1_84' title='bbox 1166 842 1350 907; x_wconf 83' lang='lat' dir='ltr'>reliquae</span> <span class='ocrx_word' id='word_1_85' title='bbox 1377 878 1390 902; x_wconf 86' lang='lat'>,</span> <span class='ocrx_word' id='word_1_86' title='bbox 1435 861 1535 909; x_wconf 66' lang='lat' dir='ltr'>qun</span> 
     </span>
     <span class='ocr_line' id='line_1_12' title="bbox 15 905 1535 974; baseline 0 -12"><span class='ocrx_word' id='word_1_87' title='bbox 15 910 194 962; x_wconf 88' lang='lat' dir='ltr'>scilicet</span> <span class='ocrx_word' id='word_1_88' title='bbox 228 927 285 960; x_wconf 86' lang='lat' dir='ltr'>ex</span> <span class='ocrx_word' id='word_1_89' title='bbox 316 907 420 974; x_wconf 78' lang='lat' dir='ltr'>ipsis</span> <span class='ocrx_word' id='word_1_90' title='bbox 454 906 732 972; x_wconf 82' lang='lat' dir='ltr'>Reipublicae</span> <span class='ocrx_word' id='word_1_91' title='bbox 780 908 996 958; x_wconf 86' lang='lat' dir='ltr'><strong>membris</strong></span> <span class='ocrx_word' id='word_1_92' title='bbox 1030 905 1294 958; x_wconf 85' lang='lat' dir='ltr'>nascuntur.</span> <span class='ocrx_word' id='word_1_93' title='bbox 1374 914 1435 961; x_wconf 90' lang='lat' dir='ltr'>Et</span> <span class='ocrx_word' id='word_1_94' title='bbox 1456 913 1535 962; x_wconf 84' lang='lat' dir='ltr'>ha·</span> 
     </span>
     <span class='ocr_line' id='line_1_13' title="bbox 19 973 1532 1040; baseline 0.001 -11"><span class='ocrx_word' id='word_1_95' title='bbox 19 996 126 1029; x_wconf 85' lang='lat' dir='ltr'>rum</span> <span class='ocrx_word' id='word_1_96' title='bbox 156 979 250 1030; x_wconf 67' lang='lat' dir='ltr'>ali-a:</span> <span class='ocrx_word' id='word_1_97' title='bbox 276 978 361 1026; x_wconf 71' lang='lat' dir='ltr'>esse</span> <span class='ocrx_word' id='word_1_98' title='bbox 397 974 581 1040; x_wconf 77' lang='lat' dir='ltr'>possunt</span> <span class='ocrx_word' id='word_1_99' title='bbox 612 977 638 1024; x_wconf 73' lang='lat' dir='ltr'>a</span> <span class='ocrx_word' id='word_1_100' title='bbox 683 975 897 1040; x_wconf 80' lang='lat' dir='ltr'>Principe</span> <span class='ocrx_word' id='word_1_101' title='bbox 928 973 1118 1024; x_wconf 82' lang='lat' dir='ltr'>subditis</span> <span class='ocrx_word' id='word_1_102' title='bbox 1165 974 1315 1027; x_wconf 75' lang='lat' dir='ltr'>ansam</span> <span class='ocrx_word' id='word_1_103' title='bbox 1360 978 1496 1030; x_wconf 88' lang='lat' dir='ltr'>dante</span> <span class='ocrx_word' id='word_1_104' title='bbox 1518 1015 1532 1040; x_wconf 83' lang='lat'>‚</span> 
     </span>
     <span class='ocr_line' id='line_1_14' title="bbox 17 1042 1538 1112; baseline 0.001 -16"><span class='ocrx_word' id='word_1_105' title='bbox 17 1064 134 1112; x_wconf 89' lang='lat' dir='ltr'>quas</span> <span class='ocrx_word' id='word_1_106' title='bbox 169 1045 332 1097; x_wconf 79' lang='lat' dir='ltr'>Daniel</span> <span class='ocrx_word' id='word_1_107' title='bbox 366 1043 623 1109; x_wconf 81' lang='lat' dir='ltr'>injustitias</span> <span class='ocrx_word' id='word_1_108' title='bbox 644 1042 872 1093; x_wconf 88' lang='lat' dir='ltr'>nominat.</span> <span class='ocrx_word' id='word_1_109' title='bbox 906 1044 1024 1094; x_wconf 78' lang='lat' dir='ltr'>Aliae</span> <span class='ocrx_word' id='word_1_110' title='bbox 1051 1044 1076 1092; x_wconf 71' lang='lat' dir='ltr'>a</span> <span class='ocrx_word' id='word_1_111' title='bbox 1100 1045 1323 1110; x_wconf 81' lang='lat' dir='ltr'>Ministris</span> <span class='ocrx_word' id='word_1_112' title='bbox 1344 1085 1357 1110; x_wconf 83' lang='lat'>,</span> <span class='ocrx_word' id='word_1_113' title='bbox 1389 1046 1440 1097; x_wconf 72' lang='grc' dir='ltr'>ὅ(</span> <span class='ocrx_word' id='word_1_114' title='bbox 1468 1047 1538 1097; x_wconf 80' lang='lat' dir='ltr'>hae</span> 
     </span>
     <span class='ocr_line' id='line_1_15' title="bbox 24 1106 1540 1182; baseline -0.001 -16"><span class='ocrx_word' id='word_1_115' title='bbox 24 1113 132 1166; x_wconf 88' lang='lat' dir='ltr'>sunt</span> <span class='ocrx_word' id='word_1_116' title='bbox 169 1117 373 1182; x_wconf 56' lang='lat' dir='ltr'>injuriae.</span> <span class='ocrx_word' id='word_1_117' title='bbox 442 1112 641 1177; x_wconf 77' lang='lat' dir='ltr'>Reliquae</span> <span class='ocrx_word' id='word_1_118' title='bbox 674 1112 698 1158; x_wconf 76' lang='lat' dir='ltr'>a</span> <span class='ocrx_word' id='word_1_119' title='bbox 724 1106 948 1170; x_wconf 86' lang='lat' dir='ltr'>subditis,</span> <span class='ocrx_word' id='word_1_120' title='bbox 982 1109 1056 1161; x_wconf 90' lang='lat' dir='ltr'>seu</span> <span class='ocrx_word' id='word_1_121' title='bbox 1087 1113 1252 1176; x_wconf 84' lang='lat' dir='ltr'>plebe,</span> <span class='ocrx_word' id='word_1_122' title='bbox 1292 1130 1390 1179; x_wconf 82' lang='lat' dir='ltr'>quae</span> <span class='ocrx_word' id='word_1_123' title='bbox 1411 1132 1540 1166; x_wconf 89' lang='lat' dir='ltr'>com-</span> 
     </span>
     <span class='ocr_line' id='line_1_16' title="bbox 19 1178 1542 1249; baseline -0.003 -13"><span class='ocrx_word' id='word_1_124' title='bbox 19 1184 250 1245; x_wconf 86' lang='lat' dir='ltr'>muniter,</span> <span class='ocrx_word' id='word_1_125' title='bbox 284 1181 334 1229; x_wconf 74' lang='lat' dir='ltr'>ut</span> <span class='ocrx_word' id='word_1_126' title='bbox 359 1180 420 1230; x_wconf 86' lang='lat' dir='ltr'>est</span> <span class='ocrx_word' id='word_1_127' title='bbox 456 1196 604 1247; x_wconf 84' lang='lat' dir='ltr'>genus</span> <span class='ocrx_word' id='word_1_128' title='bbox 627 1178 877 1229; x_wconf 87' lang='lat' dir='ltr'>humanum</span> <span class='ocrx_word' id='word_1_129' title='bbox 910 1183 1155 1245; x_wconf 85' lang='lat' dir='ltr'>querulum</span> <span class='ocrx_word' id='word_1_130' title='bbox 1178 1220 1191 1244; x_wconf 93' lang='lat'>,</span> <span class='ocrx_word' id='word_1_131' title='bbox 1224 1179 1357 1231; x_wconf 69' lang='lat' dir='ltr'>facile</span> <span class='ocrx_word' id='word_1_132' title='bbox 1379 1201 1542 1249; x_wconf 85' lang='lat' dir='ltr'>quem·</span> 
     </span>
     <span class='ocr_line' id='line_1_17' title="bbox 20 1247 1540 1320; baseline 0 -18"><span class='ocrx_word' id='word_1_133' title='bbox 20 1270 113 1320; x_wconf 89' lang='lat' dir='ltr'>que</span> <span class='ocrx_word' id='word_1_134' title='bbox 146 1252 384 1317; x_wconf 83' lang='lat' dir='ltr'>pessimum</span> <span class='ocrx_word' id='word_1_135' title='bbox 411 1262 640 1314; x_wconf 84' lang='lat' dir='ltr'>provocat</span> <span class='ocrx_word' id='word_1_136' title='bbox 661 1248 716 1295; x_wconf 89' lang='lat' dir='ltr'>ad</span> <span class='ocrx_word' id='word_1_137' title='bbox 747 1247 1158 1308; x_wconf 83' lang='lat' dir='ltr'>murmurandum3</span> <span class='ocrx_word' id='word_1_138' title='bbox 1195 1250 1322 1300; x_wconf 91' lang='lat' dir='ltr'>unde</span> <span class='ocrx_word' id='word_1_139' title='bbox 1339 1249 1540 1316; x_wconf 84' lang='lat' dir='ltr'>sequitur</span> 
     </span>
     <span class='ocr_line' id='line_1_18' title="bbox 16 1314 1538 1385; baseline -0.002 -14"><span class='ocrx_word' id='word_1_140' title='bbox 16 1319 153 1373; x_wconf 77' lang='lat' dir='ltr'>eausa</span> <span class='ocrx_word' id='word_1_141' title='bbox 183 1320 414 1385; x_wconf 88' lang='lat' dir='ltr'>proxima,</span> <span class='ocrx_word' id='word_1_142' title='bbox 452 1316 502 1365; x_wconf 72' lang='grc' dir='ltr'>ὅ(</span> <span class='ocrx_word' id='word_1_143' title='bbox 519 1314 751 1366; x_wconf 79' lang='lat' dir='ltr'>executiva</span> <span class='ocrx_word' id='word_1_144' title='bbox 771 1350 784 1374; x_wconf 93' lang='lat'>‚</span> <span class='ocrx_word' id='word_1_145' title='bbox 811 1315 1026 1365; x_wconf 87' lang='lat' dir='ltr'>videlicet</span> <span class='ocrx_word' id='word_1_146' title='bbox 1049 1315 1318 1384; x_wconf 70' lang='lat' dir='ltr'>conspiratio</span> <span class='ocrx_word' id='word_1_147' title='bbox 1332 1359 1345 1382; x_wconf 85' lang='lat'><em>,</em></span> <span class='ocrx_word' id='word_1_148' title='bbox 1347 1317 1538 1384; x_wconf 81' lang='lat' dir='ltr'>seditio,</span> 
     </span>
     <span class='ocr_line' id='line_1_19' title="bbox 23 1383 1536 1455; baseline -0.001 -16"><span class='ocrx_word' id='word_1_149' title='bbox 23 1387 77 1439; x_wconf 73' lang='grc' dir='ltr'>ἃ</span> <span class='ocrx_word' id='word_1_150' title='bbox 86 1389 238 1455; x_wconf 71' lang='lat' dir='ltr'>faflio</span> <span class='ocrx_word' id='word_1_151' title='bbox 258 1429 270 1449; x_wconf 90' lang='lat'><em>,</em></span> <span class='ocrx_word' id='word_1_152' title='bbox 310 1403 406 1451; x_wconf 81' lang='lat' dir='ltr'>quae</span> <span class='ocrx_word' id='word_1_153' title='bbox 429 1385 618 1435; x_wconf 80' lang='lat' dir='ltr'>nomine</span> <span class='ocrx_word' id='word_1_154' title='bbox 637 1383 914 1433; x_wconf 77' lang='lat' dir='ltr'>contumeliae</span> <span class='ocrx_word' id='word_1_155' title='bbox 928 1424 943 1449; x_wconf 91' lang='lat'><em>,</em></span> <span class='ocrx_word' id='word_1_156' title='bbox 965 1383 1017 1434; x_wconf 66' lang='grc' dir='ltr'>ἃ</span> <span class='ocrx_word' id='word_1_157' title='bbox 1040 1385 1133 1435; x_wconf 80' lang='lat' dir='ltr'>doli</span> <span class='ocrx_word' id='word_1_158' title='bbox 1154 1385 1342 1438; x_wconf 84' lang='lat' dir='ltr'>veniunt</span> <span class='ocrx_word' id='word_1_159' title='bbox 1363 1387 1412 1439; x_wconf 84' lang='lat' dir='ltr'>in</span> <span class='ocrx_word' id='word_1_160' title='bbox 1427 1386 1536 1437; x_wconf 86' lang='lat' dir='ltr'>scri·</span> 
     </span>
     <span class='ocr_line' id='line_1_20' title="bbox 28 1453 699 1524; baseline -0.009 -17"><span class='ocrx_word' id='word_1_161' title='bbox 28 1472 178 1524; x_wconf 85' lang='lat' dir='ltr'>ptura.</span> <span class='ocrx_word' id='word_1_162' title='bbox 232 1458 302 1504; x_wconf 90' lang='lat' dir='ltr'>De</span> <span class='ocrx_word' id='word_1_163' title='bbox 324 1453 519 1520; x_wconf 84' lang='lat' dir='ltr'>singulis</span> <span class='ocrx_word' id='word_1_164' title='bbox 536 1469 699 1516; x_wconf 86' lang='lat' dir='ltr'>pauca.</span> 
     </span>
    </p>

    <p class='ocr_par' dir='ltr' id='par_1_3' title="bbox 24 1519 1545 1859">
     <span class='ocr_line' id='line_1_21' title="bbox 128 1519 1542 1587; baseline 0.001 -13"><span class='ocrx_word' id='word_1_165' title='bbox 128 1526 182 1574; x_wconf 88' lang='lat' dir='ltr'>In</span> <span class='ocrx_word' id='word_1_166' title='bbox 203 1522 495 1586; x_wconf 83' lang='lat' dir='ltr'>Principibus</span> <span class='ocrx_word' id='word_1_167' title='bbox 522 1520 617 1569; x_wconf 89' lang='lat' dir='ltr'>duo</span> <span class='ocrx_word' id='word_1_168' title='bbox 642 1534 772 1571; x_wconf 88' lang='lat' dir='ltr'>notat</span> <span class='ocrx_word' id='word_1_169' title='bbox 802 1519 1066 1572; x_wconf 85' lang='lat' dir='ltr'>Aristoteles</span> <span class='ocrx_word' id='word_1_170' title='bbox 1099 1538 1137 1587; x_wconf 83' lang='lat'>5.</span> <span class='ocrx_word' id='word_1_171' title='bbox 1164 1523 1260 1574; x_wconf 86' lang='lat' dir='ltr'>Pol.</span> <span class='ocrx_word' id='word_1_172' title='bbox 1286 1540 1326 1574; x_wconf 88' lang='lat' dir='ltr'>c.</span> <span class='ocrx_word' id='word_1_173' title='bbox 1354 1535 1394 1584; x_wconf 90' lang='lat'>3.</span> <span class='ocrx_word' id='word_1_174' title='bbox 1417 1542 1542 1575; x_wconf 87' lang='lat' dir='ltr'>ever-</span> 
     </span>
     <span class='ocr_line' id='line_1_22' title="bbox 24 1586 1543 1658; baseline 0.001 -16"><span class='ocrx_word' id='word_1_175' title='bbox 24 1591 137 1644; x_wconf 80' lang='lat' dir='ltr'>fioni</span> <span class='ocrx_word' id='word_1_176' title='bbox 160 1591 312 1641; x_wconf 82' lang='lat' dir='ltr'>ansam</span> <span class='ocrx_word' id='word_1_177' title='bbox 342 1588 621 1655; x_wconf 73' lang='lat' dir='ltr'>praebentia:</span> <span class='ocrx_word' id='word_1_178' title='bbox 655 1586 864 1655; x_wconf 87' lang='lat' dir='ltr'>superbia</span> <span class='ocrx_word' id='word_1_179' title='bbox 883 1628 895 1652; x_wconf 84' lang='lat'>,</span> <span class='ocrx_word' id='word_1_180' title='bbox 927 1587 980 1638; x_wconf 72' lang='grc' dir='ltr'>ὃ(</span> <span class='ocrx_word' id='word_1_181' title='bbox 1004 1592 1188 1642; x_wconf 85' lang='lat' dir='ltr'>avaritia</span> <span class='ocrx_word' id='word_1_182' title='bbox 1209 1591 1399 1658; x_wconf 86' lang='lat' dir='ltr'>(inquit</span> <span class='ocrx_word' id='word_1_183' title='bbox 1413 1592 1543 1644; x_wconf 58' lang='lat' dir='ltr'>diuo</span> 
     </span>
     <span class='ocr_line' id='line_1_23' title="bbox 26 1655 1536 1776; baseline 0.001 -66"><span class='ocrx_word' id='word_1_184' title='bbox 26 1658 422 1776; x_wconf 48' lang='lat' dir='ltr'>locog‘illorum,</span> <span class='ocrx_word' id='word_1_185' title='bbox 458 1657 536 1722; x_wconf 90' lang='lat' dir='ltr'>qui</span> <span class='ocrx_word' id='word_1_186' title='bbox 567 1655 860 1725; x_wconf 82' lang='lat' dir='ltr'>gubernant,</span> <span class='ocrx_word' id='word_1_187' title='bbox 896 1658 1089 1708; x_wconf 75' lang='lat' dir='ltr'>incitant</span> <span class='ocrx_word' id='word_1_188' title='bbox 1124 1658 1338 1710; x_wconf 80' lang='lat' dir='ltr'>homines</span> <span class='ocrx_word' id='word_1_189' title='bbox 1374 1675 1536 1711; x_wconf 85' lang='lat' dir='ltr'>contra</span> 
     </span>
     <span class='ocr_line' id='line_1_24' title="bbox 26 1724 1545 1795; baseline 0 -15"><span class='ocrx_word' id='word_1_190' title='bbox 26 1728 101 1787; x_wconf 76' lang='lat' dir='ltr'>st,</span> <span class='ocrx_word' id='word_1_191' title='bbox 223 1740 385 1777; x_wconf 82' lang='lat' dir='ltr'>contra</span> <span class='ocrx_word' id='word_1_192' title='bbox 420 1724 582 1775; x_wconf 90' lang='lat' dir='ltr'>statum</span> <span class='ocrx_word' id='word_1_193' title='bbox 617 1726 714 1786; x_wconf 72' lang='lat' dir='ltr'>ejus</span> <span class='ocrx_word' id='word_1_194' title='bbox 741 1725 1051 1790; x_wconf 69' lang='lat' dir='ltr'>Reipublicae,</span> <span class='ocrx_word' id='word_1_195' title='bbox 1087 1746 1189 1794; x_wconf 83' lang='lat' dir='ltr'>quae</span> <span class='ocrx_word' id='word_1_196' title='bbox 1219 1729 1299 1778; x_wconf 86' lang='lat' dir='ltr'>ista</span> <span class='ocrx_word' id='word_1_197' title='bbox 1327 1727 1426 1779; x_wconf 82' lang='lat' dir='ltr'>fieri</span> <span class='ocrx_word' id='word_1_198' title='bbox 1469 1748 1545 1795; x_wconf 84' lang='lat' dir='ltr'>pa·</span> 
     </span>
     <span class='ocr_line' id='line_1_25' title="bbox 27 1792 1544 1859; baseline -0.001 -12"><span class='ocrx_word' id='word_1_199' title='bbox 27 1797 180 1848; x_wconf 69' lang='lat' dir='ltr'>riatur.</span> <span class='ocrx_word' id='word_1_200' title='bbox 256 1799 326 1845; x_wconf 81' lang='lat' dir='ltr'>Ex</span> <span class='ocrx_word' id='word_1_201' title='bbox 351 1792 557 1858; x_wconf 86' lang='lat' dir='ltr'>superbia</span> <span class='ocrx_word' id='word_1_202' title='bbox 581 1792 706 1843; x_wconf 88' lang='lat' dir='ltr'>enim</span> <span class='ocrx_word' id='word_1_203' title='bbox 726 1808 1023 1859; x_wconf 80' lang='lat' dir='ltr'>contemptus</span> <span class='ocrx_word' id='word_1_204' title='bbox 1041 1794 1360 1858; x_wconf 73' lang='lat' dir='ltr'>subditorum,</span> <span class='ocrx_word' id='word_1_205' title='bbox 1388 1795 1439 1846; x_wconf 85' lang='lat'>&amp;</span> <span class='ocrx_word' id='word_1_206' title='bbox 1456 1798 1544 1846; x_wconf 88' lang='lat' dir='ltr'>do-</span> 
     </span>
    </p>

    <p class='ocr_par' dir='ltr' id='par_1_4' title="bbox 0 1861 1551 2941">
     <span class='ocr_line' id='line_1_26' title="bbox 30 1861 1544 1931; baseline -0.001 -16"><span class='ocrx_word' id='word_1_207' title='bbox 30 1863 239 1915; x_wconf 85' lang='lat' dir='ltr'>minandi</span> <span class='ocrx_word' id='word_1_208' title='bbox 273 1861 435 1911; x_wconf 78' lang='lat' dir='ltr'>abusus</span> <span class='ocrx_word' id='word_1_209' title='bbox 460 1897 472 1920; x_wconf 92' lang='lat'>‚</span> <span class='ocrx_word' id='word_1_210' title='bbox 508 1878 648 1927; x_wconf 86' lang='lat' dir='ltr'>quem</span> <span class='ocrx_word' id='word_1_211' title='bbox 680 1861 920 1931; x_wconf 69' lang='lat' dir='ltr'>aegerrime</span> <span class='ocrx_word' id='word_1_212' title='bbox 964 1862 1119 1914; x_wconf 85' lang='lat' dir='ltr'>ferunt</span> <span class='ocrx_word' id='word_1_213' title='bbox 1156 1863 1351 1927; x_wconf 85' lang='lat' dir='ltr'>subditi,</span> <span class='ocrx_word' id='word_1_214' title='bbox 1389 1879 1544 1915; x_wconf 87' lang='lat' dir='ltr'>ortum</span> 
     </span>
     <span class='ocr_line' id='line_1_27' title="bbox 29 1929 1547 1998; baseline -0.001 -16"><span class='ocrx_word' id='word_1_215' title='bbox 29 1932 222 1983; x_wconf 86' lang='lat' dir='ltr'>ducunt.</span> <span class='ocrx_word' id='word_1_216' title='bbox 291 1932 505 1996; x_wconf 83' lang='lat' dir='ltr'>Sequitur</span> <span class='ocrx_word' id='word_1_217' title='bbox 537 1930 842 1996; x_wconf 72' lang='lat' dir='ltr'>arrogantiam</span> <span class='ocrx_word' id='word_1_218' title='bbox 869 1929 934 1980; x_wconf 86' lang='lat' dir='ltr'>ira</span> <span class='ocrx_word' id='word_1_219' title='bbox 961 1948 1165 1997; x_wconf 81' lang='lat' dir='ltr'>praeceps</span> <span class='ocrx_word' id='word_1_220' title='bbox 1187 1933 1234 1982; x_wconf 85' lang='lat' dir='ltr'>in</span> <span class='ocrx_word' id='word_1_221' title='bbox 1256 1933 1547 1998; x_wconf 82' lang='lat' dir='ltr'>exequendo,</span> 
     </span>
     <span class='ocr_line' id='line_1_28' title="bbox 30 1998 1546 2066; baseline 0.001 -17"><span class='ocrx_word' id='word_1_222' title='bbox 30 1999 85 2049; x_wconf 74' lang='lat' dir='ltr'>«St</span> <span class='ocrx_word' id='word_1_223' title='bbox 113 2002 158 2050; x_wconf 90' lang='lat' dir='ltr'>in</span> <span class='ocrx_word' id='word_1_224' title='bbox 193 1998 435 2066; x_wconf 63' lang='lat' dir='ltr'>plefiendo</span> <span class='ocrx_word' id='word_1_225' title='bbox 468 1998 740 2062; x_wconf 85' lang='lat' dir='ltr'>crudelitas,</span> <span class='ocrx_word' id='word_1_226' title='bbox 788 2015 888 2063; x_wconf 86' lang='lat' dir='ltr'>quae</span> <span class='ocrx_word' id='word_1_227' title='bbox 931 2000 1088 2051; x_wconf 87' lang='lat' dir='ltr'>omnia</span> <span class='ocrx_word' id='word_1_228' title='bbox 1117 1999 1279 2065; x_wconf 87' lang='lat' dir='ltr'>primis</span> <span class='ocrx_word' id='word_1_229' title='bbox 1310 2004 1546 2063; x_wconf 84' lang='lat' dir='ltr'>Rornano-</span> 
     </span>
     <span class='ocr_line' id='line_1_29' title="bbox 34 2064 1545 2134; baseline 0 -15"><span class='ocrx_word' id='word_1_230' title='bbox 34 2085 144 2120; x_wconf 81' lang='lat' dir='ltr'>rum</span> <span class='ocrx_word' id='word_1_231' title='bbox 186 2064 438 2117; x_wconf 60' lang='lat' dir='ltr'>Caesaribus</span> <span class='ocrx_word' id='word_1_232' title='bbox 476 2065 670 2116; x_wconf 89' lang='lat' dir='ltr'>Tiberio</span> <span class='ocrx_word' id='word_1_233' title='bbox 695 2101 708 2126; x_wconf 88' lang='lat'>‚</span> <span class='ocrx_word' id='word_1_234' title='bbox 743 2066 1005 2134; x_wconf 59' lang='lat' dir='ltr'>Caligulae,</span> <span class='ocrx_word' id='word_1_235' title='bbox 1036 2068 1310 2119; x_wconf 85' lang='lat' dir='ltr'>Domitiano</span> <span class='ocrx_word' id='word_1_236' title='bbox 1349 2071 1545 2119; x_wconf 86' lang='lat' dir='ltr'>exitium</span> 
     </span>
     <span class='ocr_line' id='line_1_30' title="bbox 29 2132 1548 2202; baseline 0.002 -17"><span class='ocrx_word' id='word_1_237' title='bbox 29 2136 292 2185; x_wconf 83' lang='lat' dir='ltr'>attulerunt.</span> <span class='ocrx_word' id='word_1_238' title='bbox 369 2133 594 2190; x_wconf 79' lang='lat' dir='ltr'>Accedit,</span> <span class='ocrx_word' id='word_1_239' title='bbox 640 2132 674 2182; x_wconf 81' lang='lat' dir='ltr'>fi</span> <span class='ocrx_word' id='word_1_240' title='bbox 702 2136 889 2194; x_wconf 82' lang='lat' dir='ltr'>luxum,</span> <span class='ocrx_word' id='word_1_241' title='bbox 925 2133 977 2184; x_wconf 70' lang='grc' dir='ltr'><strong>ἃ</strong></span> <span class='ocrx_word' id='word_1_242' title='bbox 1004 2136 1318 2202; x_wconf 60' lang='lat' dir='ltr'>projectorum</span> <span class='ocrx_word' id='word_1_243' title='bbox 1359 2154 1548 2188; x_wconf 87' lang='lat' dir='ltr'>morum</span> 
     </span>
     <span class='ocr_line' id='line_1_31' title="bbox 31 2199 1547 2268; baseline 0.003 -16"><span class='ocrx_word' id='word_1_244' title='bbox 31 2204 265 2264; x_wconf 79' lang='lat' dir='ltr'>licentiam</span> <span class='ocrx_word' id='word_1_245' title='bbox 296 2199 465 2252; x_wconf 83' lang='lat' dir='ltr'>subditi</span> <span class='ocrx_word' id='word_1_246' title='bbox 486 2202 533 2252; x_wconf 90' lang='lat' dir='ltr'>in</span> <span class='ocrx_word' id='word_1_247' title='bbox 562 2201 772 2268; x_wconf 86' lang='lat' dir='ltr'>Principe</span> <span class='ocrx_word' id='word_1_248' title='bbox 794 2201 1000 2262; x_wconf 80' lang='lat' dir='ltr'>videant3</span> <span class='ocrx_word' id='word_1_249' title='bbox 1041 2202 1092 2254; x_wconf 86' lang='lat' dir='ltr'>fit</span> <span class='ocrx_word' id='word_1_250' title='bbox 1116 2243 1128 2266; x_wconf 93' lang='lat'>,</span> <span class='ocrx_word' id='word_1_251' title='bbox 1164 2218 1215 2255; x_wconf 90' lang='lat' dir='ltr'>ut</span> <span class='ocrx_word' id='word_1_252' title='bbox 1252 2205 1547 2257; x_wconf 78' lang='lat' dir='ltr'>aestimatione</span> 
     </span>
     <span class='ocr_line' id='line_1_32' title="bbox 31 2269 1550 2339; baseline 0.001 -17"><span class='ocrx_word' id='word_1_253' title='bbox 31 2269 87 2322; x_wconf 71' lang='grc' dir='ltr'>ὅ(</span> <span class='ocrx_word' id='word_1_254' title='bbox 111 2287 267 2320; x_wconf 83' lang='lat' dir='ltr'>amore</span> <span class='ocrx_word' id='word_1_255' title='bbox 296 2270 450 2320; x_wconf 68' lang='lat' dir='ltr'>amisso</span> <span class='ocrx_word' id='word_1_256' title='bbox 470 2269 604 2320; x_wconf 73' lang='lat' dir='ltr'>facile</span> <span class='ocrx_word' id='word_1_257' title='bbox 624 2270 860 2335; x_wconf 88' lang='lat' dir='ltr'>perditum</span> <span class='ocrx_word' id='word_1_258' title='bbox 877 2271 1024 2321; x_wconf 87' lang='lat' dir='ltr'>velint</span> <span class='ocrx_word' id='word_1_259' title='bbox 1039 2306 1052 2331; x_wconf 93' lang='lat'>‚</span> <span class='ocrx_word' id='word_1_260' title='bbox 1080 2289 1219 2338; x_wconf 87' lang='lat' dir='ltr'>quem</span> <span class='ocrx_word' id='word_1_261' title='bbox 1249 2274 1408 2323; x_wconf 85' lang='lat' dir='ltr'>animo</span> <span class='ocrx_word' id='word_1_262' title='bbox 1429 2272 1550 2339; x_wconf 81' lang='lat' dir='ltr'>sper·</span> 
     </span>
     <span class='ocr_line' id='line_1_33' title="bbox 36 2337 1544 2404; baseline 0.001 -15"><span class='ocrx_word' id='word_1_263' title='bbox 36 2354 151 2389; x_wconf 88' lang='lat' dir='ltr'>nunt</span> <span class='ocrx_word' id='word_1_264' title='bbox 171 2375 182 2387; x_wconf 90' lang='lat'><strong>.</strong></span> <span class='ocrx_word' id='word_1_265' title='bbox 216 2339 286 2387; x_wconf 88' lang='lat' dir='ltr'>vel</span> <span class='ocrx_word' id='word_1_266' title='bbox 311 2351 524 2388; x_wconf 88' lang='lat' dir='ltr'>metuunt</span> <span class='ocrx_word' id='word_1_267' title='bbox 551 2338 687 2387; x_wconf 83' lang='lat' dir='ltr'>etiam</span> <span class='ocrx_word' id='word_1_268' title='bbox 711 2337 872 2403; x_wconf 85' lang='lat' dir='ltr'>probis</span> <span class='ocrx_word' id='word_1_269' title='bbox 896 2338 1101 2404; x_wconf 86' lang='lat' dir='ltr'>iniquum</span> <span class='ocrx_word' id='word_1_270' title='bbox 1121 2374 1134 2400; x_wconf 88' lang='lat'>‚</span> <span class='ocrx_word' id='word_1_271' title='bbox 1169 2341 1239 2390; x_wconf 90' lang='lat' dir='ltr'>vel</span> <span class='ocrx_word' id='word_1_272' title='bbox 1277 2339 1544 2391; x_wconf 79' lang='lat' dir='ltr'>facinorosis</span> 
     </span>
     <span class='ocr_line' id='line_1_34' title="bbox 36 2392 1549 2474; baseline 0.002 -17"><span class='ocrx_word' id='word_1_273' title='bbox 36 2406 143 2472; x_wconf 68' lang='lat' dir='ltr'>ipsis</span> <span class='ocrx_word' id='word_1_274' title='bbox 166 2392 305 2456; x_wconf 82' lang='lat' dir='ltr'>nimis</span> <span class='ocrx_word' id='word_1_275' title='bbox 330 2406 565 2456; x_wconf 84' lang='lat' dir='ltr'>crudelem</span> <span class='ocrx_word' id='word_1_276' title='bbox 594 2405 810 2456; x_wconf 84' lang='lat' dir='ltr'>oderunt.</span> <span class='ocrx_word' id='word_1_277' title='bbox 891 2406 1092 2458; x_wconf 82' lang='lat' dir='ltr'>Infinitis</span> <span class='ocrx_word' id='word_1_278' title='bbox 1116 2407 1303 2459; x_wconf 89' lang='lat' dir='ltr'>historia</span> <span class='ocrx_word' id='word_1_279' title='bbox 1322 2409 1549 2474; x_wconf 82' lang='lat' dir='ltr'>exemplis</span> 
     </span>
     <span class='ocr_line' id='line_1_35' title="bbox 4 2472 1548 2545; baseline -0.002 -23"><span class='ocrx_word' id='word_1_280' title='bbox 4 2473 255 2526; x_wconf 61' lang='lat' dir='ltr'>,abundan</span> <span class='ocrx_word' id='word_1_281' title='bbox 327 2473 402 2522; x_wconf 88' lang='lat' dir='ltr'>Sic</span> <span class='ocrx_word' id='word_1_282' title='bbox 436 2472 717 2538; x_wconf 83' lang='lat' dir='ltr'>Tarquinius</span> <span class='ocrx_word' id='word_1_283' title='bbox 760 2475 954 2542; x_wconf 82' lang='lat' dir='ltr'>Regiam</span> <span class='ocrx_word' id='word_1_284' title='bbox 979 2510 992 2534; x_wconf 87' lang='lat'>,</span> <span class='ocrx_word' id='word_1_285' title='bbox 1035 2475 1361 2541; x_wconf 76' lang='lat' dir='ltr'>sardanapalus</span> <span class='ocrx_word' id='word_1_286' title='bbox 1413 2474 1548 2545; x_wconf 71' lang='lat' dir='ltr'>Aisy-</span> 
     </span>
     <span class='ocr_line' id='line_1_36' title="bbox 39 2539 1550 2611; baseline -0.001 -17"><span class='ocrx_word' id='word_1_287' title='bbox 39 2541 180 2602; x_wconf 72' lang='lat' dir='ltr'>tiam,</span> <span class='ocrx_word' id='word_1_288' title='bbox 215 2541 546 2610; x_wconf 81' lang='lat' dir='ltr'>Heliogabalus</span> <span class='ocrx_word' id='word_1_289' title='bbox 569 2539 826 2590; x_wconf 82' lang='lat' dir='ltr'>Caesaream</span> <span class='ocrx_word' id='word_1_290' title='bbox 857 2559 1104 2607; x_wconf 84' lang='lat' dir='ltr'>purpuram</span> <span class='ocrx_word' id='word_1_291' title='bbox 1134 2542 1410 2606; x_wconf 83' lang='lat' dir='ltr'>amiserunt3</span> <span class='ocrx_word' id='word_1_292' title='bbox 1458 2547 1550 2611; x_wconf 78' lang='lat' dir='ltr'>pri-</span> 
     </span>
     <span class='ocr_line' id='line_1_37' title="bbox 36 2605 1551 2676; baseline 0.003 -17"><span class='ocrx_word' id='word_1_293' title='bbox 36 2625 138 2661; x_wconf 84' lang='lat' dir='ltr'>mus</span> <span class='ocrx_word' id='word_1_294' title='bbox 172 2609 397 2659; x_wconf 75' lang='lat' dir='ltr'>mutanda:</span> <span class='ocrx_word' id='word_1_295' title='bbox 426 2607 450 2655; x_wconf 78' lang='grc' dir='ltr'>ἐ</span> <span class='ocrx_word' id='word_1_296' title='bbox 481 2608 621 2676; x_wconf 74' lang='lat' dir='ltr'>Regin</span> <span class='ocrx_word' id='word_1_297' title='bbox 661 2608 709 2658; x_wconf 91' lang='lat' dir='ltr'>in</span> <span class='ocrx_word' id='word_1_298' title='bbox 749 2605 1085 2668; x_wconf 78' lang='lat' dir='ltr'>Consularem3</span> <span class='ocrx_word' id='word_1_299' title='bbox 1131 2609 1388 2661; x_wconf 77' lang='lat' dir='ltr'>auferendae</span> <span class='ocrx_word' id='word_1_300' title='bbox 1433 2612 1551 2665; x_wconf 77' lang='lat' dir='ltr'>zdus</span> 
     </span>
     <span class='ocr_line' id='line_1_38' title="bbox 0 2675 1546 2745; baseline 0.003 -17"><span class='ocrx_word' id='word_1_301' title='bbox 0 2729 1 2734; x_wconf 65' lang='grc'>,</span> <span class='ocrx_word' id='word_1_302' title='bbox 39 2678 96 2728; x_wconf 74' lang='lat' dir='ltr'>ab</span> <span class='ocrx_word' id='word_1_303' title='bbox 123 2677 314 2745; x_wconf 76' lang='lat' dir='ltr'>Affyriis</span> <span class='ocrx_word' id='word_1_304' title='bbox 343 2678 390 2725; x_wconf 86' lang='lat' dir='ltr'>in</span> <span class='ocrx_word' id='word_1_305' title='bbox 422 2675 593 2725; x_wconf 78' lang='lat' dir='ltr'>Medos</span> <span class='ocrx_word' id='word_1_306' title='bbox 623 2694 707 2741; x_wconf 91' lang='lat' dir='ltr'>per</span> <span class='ocrx_word' id='word_1_307' title='bbox 740 2676 993 2735; x_wconf 83' lang='lat' dir='ltr'>Arbacem,</span> <span class='ocrx_word' id='word_1_308' title='bbox 1035 2679 1151 2737; x_wconf 84' lang='lat' dir='ltr'>3tius</span> <span class='ocrx_word' id='word_1_309' title='bbox 1182 2678 1242 2728; x_wconf 89' lang='lat' dir='ltr'>de</span> <span class='ocrx_word' id='word_1_310' title='bbox 1263 2681 1477 2744; x_wconf 87' lang='lat' dir='ltr'>Principe</span> <span class='ocrx_word' id='word_1_311' title='bbox 1499 2683 1546 2732; x_wconf 86' lang='lat' dir='ltr'>iu</span> 
     </span>
     <span class='ocr_line' id='line_1_39' title="bbox 0 2742 1547 2811; baseline 0.003 -17"><span class='ocrx_word' id='word_1_312' title='bbox 0 2780 1 2783; x_wconf 51' lang='lat'><em>=</em></span> <span class='ocrx_word' id='word_1_313' title='bbox 37 2745 298 2810; x_wconf 79' lang='lat' dir='ltr'>Principem</span> <span class='ocrx_word' id='word_1_314' title='bbox 325 2742 646 2794; x_wconf 66' lang='lat' dir='ltr'>transferenda:</span> <span class='ocrx_word' id='word_1_315' title='bbox 668 2743 906 2811; x_wconf 79' lang='lat' dir='ltr'>dignitatis</span> <span class='ocrx_word' id='word_1_316' title='bbox 934 2761 1015 2808; x_wconf 86' lang='lat' dir='ltr'>per</span> <span class='ocrx_word' id='word_1_317' title='bbox 1049 2745 1421 2796; x_wconf 85' lang='lat' dir='ltr'>mulierofitatem</span> <span class='ocrx_word' id='word_1_318' title='bbox 1446 2765 1547 2800; x_wconf 86' lang='lat' dir='ltr'>cau-</span> 
     </span>
     <span class='ocr_line' id='line_1_40' title="bbox 0 2807 1547 2884; baseline 0.001 -21"><span class='ocrx_word' id='word_1_319' title='bbox 0 2844 12 2856; x_wconf 33' lang='lat' dir='ltr'>i</span> <span class='ocrx_word' id='word_1_320' title='bbox 34 2807 83 2863; x_wconf 79' lang='lat' dir='ltr'>sa</span> <span class='ocrx_word' id='word_1_321' title='bbox 114 2811 314 2868; x_wconf 64' lang='lat' dir='ltr'>luerunt.</span> <span class='ocrx_word' id='word_1_322' title='bbox 382 2811 586 2870; x_wconf 74' lang='lat' dir='ltr'>Avaritia</span> <span class='ocrx_word' id='word_1_323' title='bbox 612 2828 754 2879; x_wconf 78' lang='lat' dir='ltr'>porro</span> <span class='ocrx_word' id='word_1_324' title='bbox 783 2811 1058 2879; x_wconf 72' lang='lat' dir='ltr'>injustorum</span> <span class='ocrx_word' id='word_1_325' title='bbox 1080 2852 1096 2880; x_wconf 76' lang='lat'><em>,</em></span> <span class='ocrx_word' id='word_1_326' title='bbox 1130 2828 1206 2868; x_wconf 84' lang='lat' dir='ltr'>aut</span> <span class='ocrx_word' id='word_1_327' title='bbox 1243 2814 1453 2884; x_wconf 82' lang='lat' dir='ltr'>gravium</span> <span class='ocrx_word' id='word_1_328' title='bbox 1480 2817 1547 2868; x_wconf 85' lang='lat' dir='ltr'>ni·</span> 
     </span>
     <span class='ocr_line' id='line_1_41' title="bbox 1395 2900 1484 2941; baseline 0.056 -5"><span class='ocrx_word' id='word_1_329' title='bbox 1395 2900 1484 2941; x_wconf 54' lang='lat' dir='ltr'>ml}</span> 
     </span>
    </p>
   </div>
  </div>
 </body>
</html>
