1832 3151
493 111 1066 200 ffi<0>ffi43a
1387 134 1470 196 47

24 220 121 272 nio.
193 215 352 268 Nemo
380 215 498 264 adita
529 216 608 264 illa
638 214 807 264 nefasta
829 213 989 279 subiit,
1023 214 1135 282 quin
1171 213 1390 267 ceciderit
1431 216 1560 268 viai-

23 307 116 338 ma.
208 282 305 336 Pari
339 283 436 332 fato
478 283 589 333 huic
629 281 783 349 litatur
829 279 1046 333 Numini.
1145 284 1434 345 Abdomen,
1470 286 1560 336 vah

26 371 275 421 quantum,
305 347 566 417 quamque,
592 353 642 402 tit
664 352 824 411 dulce,
862 350 921 400 fic
951 351 1128 417 grande
1146 389 1158 413 ‚
1189 352 1434 420 grandium
1461 353 1559 403 fere

23 424 244 475 Numen!
274 416 553 483 Grandium,
592 421 808 486 inquam,
833 419 884 468 sit
919 421 997 483 qui
1020 418 1315 470 facultatibus
1338 434 1555 484 utuntur,

28 507 80 543 ut
107 488 229 542 mori
267 488 427 550 citius,
460 487 520 537 ne
549 489 702 537 dicam
744 483 974 537 crudelius
1008 489 1165 538 velint.
1233 487 1394 539 Paucis
1428 505 1558 541 natu-

23 578 71 622 ra
103 570 358 609 contentos
389 555 530 618 jubet.
600 555 705 605 Frui
736 558 862 616 vult,
887 571 991 605 non¹
1022 557 1219 622 oppleri.
1288 557 1432 619 Pasci,
1455 575 1556 609 non

19 627 250 679 oblec’tari.
347 625 547 684 Servari,
588 642 683 676 non
717 627 936 690 opprimi.
1020 626 1225 683 Felices,
1254 625 1418 690 quibus
1455 645 1559 692 par-

19 713 122 748 cam
154 693 198 745 se
226 692 422 742 fortunis
445 691 543 742 sors
572 691 794 752 exhibet,
831 692 944 742 dum
964 706 1107 761 negat
1133 694 1368 760 impendia
1386 730 1399 753 ,
1437 695 1560 745 vitiis

19 762 288 816 subtrahens
324 759 565 811 alimenta:
590 775 769 810 tantum
812 760 941 812 addit
967 763 1066 812 vitae
1087 796 1101 821 ,
1143 777 1365 827 quantum
1407 761 1559 812 demit

25 827 248 892 fortunae,
284 831 383 895 ipsa
412 829 533 895 pene
567 830 767 878 dixerim
794 829 1037 895 iniquitate
1064 829 1155 894 pia.
1222 831 1348 881 Dum
1378 832 1558 887 contra,

17 899 183 967 quibus
216 916 289 947 am
329 899 418 947 lior
443 898 507 947 est
536 897 824 946 fortunarum
855 897 1014 966 seges,
1037 896 1165 962 quod
1198 894 1448 949 rieceffitat'i
1478 898 1558 947 da·

19 983 146 1025 tum,
187 917 457 1016 congerant
490 964 746 1031 voluptati3
781 964 967 1031 quoque
998 966 1088 1016 vita
1117 966 1350 1031 paranda,
1379 982 1452 1016 aut
1469 964 1561 1016 ser-

20 1036 191 1097 vanda,
237 1036 435 1084 eandem
467 1036 538 1084 vel
577 1036 812 1096 cruciant,
857 1036 929 1084 vel
956 1034 1259 1098 pessumdant.
1340 1035 1560 1086 Fabulam

17 1105 221 1162 Graecia,
259 1101 312 1151 ὃς
338 1105 463 1152 Deos
499 1100 746 1168 sympoliis
786 1102 917 1167 capi,
948 1102 1138 1152 Baccho
1162 1103 1389 1153 diffluere.
1432 1103 1562 1172 Quid

18 1173 185 1222 mirum
215 1169 339 1219 sorte
366 1171 464 1235 pari
496 1169 726 1236 myriades
753 1168 1006 1230 hominum
1030 1172 1127 1237 rapi
1156 1172 1204 1221 in
1243 1175 1562 1237 p1·aeceps?1n

16 1256 223 1308 praeceps
251 1242 454 1306 inquam.
525 1238 644 1305 Quia
669 1237 834 1304 quibus
869 1254 1000 1302 mas,
1033 1239 1203 1298 sidera,
1229 1242 1357 1290 Mars
1376 1275 1388 1302 ‚
1410 1239 1562 1305 pestes

19 1312 84 1360 u‘il
108 1307 343 1369 nocuere,
379 1307 635 1359 domestica
659 1307 825 1358 nocuit
851 1310 1044 1372 vipera:
1084 1309 1209 1375 Lyaei
1232 1344 1244 1368 ‚
1293 1324 1367 1361 aut
1406 1310 1557 1359 multo

17 1376 280 1447 stagnantes
315 1376 496 1427 sumine
524 1391 709 1443 paterae.
799 1378 1082 1427 Torrentem
1120 1378 1295 1448 exiguo
1343 1392 1564 1443 tempore

16 1447 225 1515 ingentia
253 1447 479 1496 infamant
520 1446 707 1498 damna.
812 1445 971 1507 Mam,
998 1444 1136 1512 pestis
1157 1480 1170 1506 ,
1206 1449 1452 1512 caeteraque
1478 1463 1564 1497 no·

18 1518 146 1565 mina
172 1514 451 1565 morborum
485 1517 702 1567 torrentis
723 1511 830 1565 sunt
860 1516 1083 1582 ectypon.
1153 1516 1565 1582 Intemperantiam

18 1584 70 1634 id
110 1602 253 1633 unum
286 1585 436 1636 acrius
459 1585 781 1650 commendat,
820 1582 950 1648 quod
981 1598 1162 1634 torrens
1190 1583 1266 1645 fit,
1297 1584 1373 1634 sed
1396 1602 1564 1651 perpes·

15 1663 98 1702 tuo
129 1652 382 1703 bacchatus
421 1655 594 1704 furore.
675 1655 888 1723 Ingentia
929 1652 1062 1704 bellis
1098 1653 1262 1702 cadere
1293 1656 1566 1722 Regnorum

20 1719 74 1775 ἃ
111 1722 458 1774 Provinciarum
494 1720 675 1789 spolia,
710 1740 811 1774 non
848 1722 1084 1777 diffiteor-5
1108 1739 1206 1772 non
1244 1724 1432 1771 minore
1456 1739 1562 1772 cen·

19 1788 70 1840 su
101 1790 376 1842 holocausta
401 1793 502 1842 Diti
529 1790 778 1843 consecrat
808 1798 883 1839 a'e‘t
918 1807 1103 1840 veneno
1137 1790 1329 1858 gravis3
1359 1803 1567 1857 utroque

21 1871 177 1910 tamen
202 1862 436 1919 atrocior,
471 1862 579 1927 quia
609 1860 772 1912 saevior
796 1872 1019 1926 tyrannus
1045 1861 1289 1929 ingluvie&
1369 1863 1567 1926 Raptan-

20 1940 96 1976 tur
132 1929 237 1993 illi,
285 1930 437 1994 perire
470 1944 521 1980 ut
570 1928 810 1981 debeant:
854 1929 1113 1980 centur-iant
1144 1929 1267 1978 ultro
1310 1926 1405 1978 sese
1453 1928 1566 1979 huie

20 1995 216 2045 Numini
257 2000 507 2056 mortales,
532 1997 693 2048 felices
739 1996 857 2063 saepe
879 1997 992 2060 rati,
1022 1996 1084 2047 fic
1117 1997 1272 2064 perire
1299 1996 1330 2046 si
1371 1998 1557 2064 poss'int.

24 2064 150 2112 Felix
171 2067 322 2113 Roma
351 2065 529 2114 morbis
559 2066 729 2126 libera,
762 2065 1070 2116 Medicorum
1096 2066 1279 2133 ignara,
1312 2066 1427 2115 dum
1461 2084 1563 2124 rus,

28 2128 83 2179 ἃ
115 2131 264 2184 fontes
291 2149 497 2184 naturam
530 2134 711 2201 pavere.
806 2134 1011 2185 Delicias
1047 2151 1220 2200 nempe
1248 2137 1455 2193 Atticas,
1486 2151 1565 2185 co-

25 2214 228 2264 quorum
273 2220 479 2269 greges,
519 2200 787 2270 peregrinas
832 2200 1034 2253 Phafidis
1060 2244 1071 2266 ,
1111 2203 1563 2270 Phaenicopterorum

29 2268 249 2333 cupedias
276 2269 518 2337 ignorabat
548 2271 682 2335 plebs
699 2307 711 2330 ‚
738 2267 999 2323 &senatus⁸
1053 2274 1099 2322 O
1125 2270 1239 2321 felix
1279 2272 1563 2339 ignorantia!

27 2338 132 2402 quia
157 2339 254 2387 vitae
274 2339 323 2388 ἃ
340 2339 611 2389 valetudinis
636 2356 816 2405 parens.
890 2344 1002 2390 Haec
1019 2340 1130 2390 dum
1149 2340 1328 2398 didicit,
1349 2343 1564 2390 virtutem

29 2403 600 2468 masculam,valetudinem
615 2408 852 2459 dedadicit.
890 2412 1065 2476 Oquot
1077 2406 1284 2459 censeret
1307 2409 1447 2459 Orbis
1465 2411 1564 2460 Ne-

33 2472 203 2524 stores!
235 2476 332 2526 haec
358 2475 389 2523 fi
410 2476 605 2525 nesciret
635 2476 903 2527 commoda.
973 2481 1142 2528 Vivere
1162 2493 1251 2526 nos
1276 2478 1406 2542 cupit
1433 2492 1563 2528 natu·

33 2559 85 2591 ra
103 2581 116 2604 ,
139 2561 238 2593 non
261 2545 500 2593 luxuriare.
568 2544 855 2597 Parcendum
890 2562 1020 2596 mero
1045 2581 1055 2602 ,
1080 2545 1367 2610 parcendum
1391 2546 1561 2613 gustui.

32 2611 246 2676 Amplius
289 2628 331 2662 te
363 2611 613 2663 oblec‘iabis
642 2627 866 2679 utroque,
897 2614 990 2679 quo
1014 2613 1165 2664 minus
1185 2632 1198 2673 ;
1222 2615 1326 2678 quia
1351 2615 1559 2683 longius,

2 2686 3 2692 ’
30 2677 154 2727 Vide
178 2679 362 2745 sapienti
390 2681 566 2743 judicio
596 2682 772 2745 omnia,
803 2679 856 2730 &
885 2699 990 2732 cum
1017 2681 1192 2733 Seneca
1211 2684 1564 2733 innumerabile-s

0 2790 2 2808 ,
38 2742 113 2812 ςΠὶ
133 2748 307 2798 morbos
348 2768 435 2799 non
457 2746 723 2798 miraberis.
790 2747 939 2799 Causa
963 2749 1014 2799 fit
1037 2749 1205 2801 unica:
1231 2768 1385 2818 coquos
1411 2769 1560 2801 nume-

0 2816 5 2842 ¹
34 2831 104 2864 ra.
171 2819 233 2867 Hi
263 2817 403 2869 erede
436 2817 575 2880 mihi,
600 2816 953 2870 centuriatores
988 2817 1093 2870 sunt
1135 2818 1330 2887 pestium
1350 2855 1363 2881 ,
1393 2820 1560 2936 qgibus

2 2907 3 2911 ¹
1372 2906 1423 2937 or
1461 2905 1497 2939 is
