1832 3151
256 94 296 158 8
657 87 1220 176 ἓὲἒὲἒμήἓζέἓ

178 210 227 248 te
252 194 440 262 indigni
465 196 539 245 vel
561 195 835 243 meritorum
859 190 1046 258 inopia,
1080 194 1156 243 vel
1183 192 1445 261 ignorantia
1480 187 1601 240 sorte
1627 188 1712 240 su&

181 264 359 316 mendic
444 262 655 313 Dedecet
690 274 898 311 mentem
921 263 1158 325 pumilam
1195 264 1448 331 gigantaeus
1487 262 1712 325 clypeus3

181 332 317 401 quod
347 334 499 381 tutelae
518 329 726 379 futurum
745 364 756 388 ‚
778 345 833 378 ae
862 329 1054 388 decori,
1085 330 1334 395 opprimit,
1364 347 1468 379 non
1500 328 1606 393 quia
1627 344 1713 377 no-

183 403 360 462 civum,
384 398 464 450 sed
491 401 599 466 quia
626 399 850 462 imparem
878 411 1049 465 gravat.
1128 397 1274 448 Rodit
1301 399 1418 447 livor
1448 398 1666 445 aemulum
1690 394 1714 443 ’ἓ

180 471 310 521 nulla
328 486 433 519 aetas
453 467 722 520 Aristarcho
753 465 914 515 libera.
979 463 1156 531 AEque,
1189 483 1246 515 an
1268 464 1422 531 inique
1445 465 1583 514 vitam
1612 479 1717 513 exe·

183 540 307 607 geris
324 576 336 600 ‚
358 538 616 587 Lucianum
655 535 872 584 caleaneo
898 533 1217 583 imminentem
1246 533 1376 583 feres.
1446 532 1601 582 Rodat
1618 571 1630 595 ‚
1666 529 1714 581 se

194 606 328 658 rodit
366 606 546 672 magis3
577 620 745 664 more,
780 620 878 668 quo
918 604 1074 651 lunam
1114 604 1324 651 allatrant
1363 601 1530 660 catuli3
1563 600 1717 665 splen·

182 674 314 726 doris
351 689 429 724 aut
451 672 609 724 curssis
635 670 825 722 obicem
859 670 1064 722 statuunt
1095 672 1276 720 nullum
1301 709 1313 732 ‚
1347 686 1474 719 aures
1498 668 1667 718 alienas
1701 708 1718 733 ,

182 742 264 795 sua
290 759 372 793 ora
392 742 645 810 flagellant.
717 741 885 807 Apage
910 752 1005 788 tam
1037 740 1206 789 exilem
1237 736 1292 787 ἃ.
1322 738 1456 786 illum
1485 737 1720 797 animum,

186 814 270 879 qui
298 845 312 872 ,
349 810 463 860 dum
500 807 688 860 secundi
715 808 872 859 rident
900 807 1118 869 Favonii,
1155 806 1237 857 fibi
1276 805 1497 857 duntaxat
1527 802 1678 854 fidens
1703 840 1720 865 ,

183 880 245 932 fic
269 881 370 931 vela
405 878 594 944 pandit,
628 892 681 927 ut
700 875 816 926 sorti
835 875 1020 943 diffidat
1049 875 1181 926 nihil.
1253 874 1558 924 Credulitatis
1582 872 1721 933 illud,

190 963 270 1000 aut
301 946 502 998 imbellis
529 946 593 996 est
630 946 768 995 animi
805 943 995 1007 vitium,
1022 962 1120 995 nou
1157 943 1401 994 felicitatis.
1499 941 1724 1010 Qisqnis

183 1018 373 1069 fortuna
397 1016 545 1081 perit,
585 1015 728 1079 quam
761 1028 925 1079 parum
957 1011 1027 1061 sui
1047 1048 1058 1070 ,
1083 1027 1179 1062 tam
1211 1029 1374 1076 parum
1399 1010 1561 1063 veteris
1597 1011 1722 1060 illius

184 1087 250 1138 est
279 1083 516 1148 conscius,
538 1082 683 1132 ferrea
712 1096 902 1132 cautum
931 1080 1126 1132 fortunae
1159 1080 1249 1130 esse
1285 1082 1393 1148 lege
1412 1118 1423 1139 ,
1446 1094 1498 1130 ut
1528 1077 1724 1129 incautis

186 1155 239 1206 δί
291 1154 493 1206 credulis
547 1151 729 1218 semper
770 1147 1055 1205 insolentem
1101 1149 1269 1201 ludum
1303 1150 1468 1216 ludere
1510 1149 1723 1214 pertinax

180 1223 360 1295 gestiat„

851 1289 902 1353 ἧ.
977 1286 1060 1343 ΙΙ.

427 1381 564 1459 Qid
596 1379 757 1435 bonum
771 1420 787 1446 ,
829 1377 890 1434 δῦ*
927 1381 1096 1433 malum
1129 1381 1182 1433 in
1218 1377 1440 1431 communi
1457 1378 1485 1431 ‚3

245 2554 356 2608 Qae
379 2547 522 2599 hona,
554 2562 652 2607 quae
678 2549 794 2593 mah
813 2548 929 2591 sint!
960 2547 1056 2592 etim
1085 2551 1139 2595 fit
1167 2544 1307 2594 modb
1325 2542 1539 2602 quaestioe
1563 2540 1723 2591 ditant»

302 2608 425 2651 Scire
458 2610 581 2665 quod
617 2620 840 2666 exoptas,
876 2608 930 2649 fis
968 2607 1153 2656 bonus,
1190 2610 1308 2653 :inne
1336 2605 1516 2646 malus-²

238 2666 418 2710 Putrida
450 2667 478 2709 fi
510 2668 747 2723 placeant,
780 2667 1036 2713 cotvus3-s1
1061 2669 1245 2725 vipera,
1274 2661 1475 2710 Arachne
1504 2672 1588 2708 ⁶⁵5

295 2727 448 2766 Flores
481 2727 703 2770 virtutum
730 2725 764 2768 st
798 2725 1040 2781 placeant,
1081 2728 1182 2784 apis
1221 2741 1291 2772 es·

1489 2847 1550 2910 D
1563 2866 1632 2908 o-
