1832 3151
347 132 436 204 46
766 121 1334 212 ffissCNJQ-iss

259 237 328 273 tra
349 224 372 270 ’ἔ
406 220 536 272 litera
561 219 716 271 unica.
786 224 1023 287 Quantum
1050 223 1299 274 colludunt
1342 221 1537 275 nomine
1568 265 1579 288 ‚
1612 239 1797 278 tantum

263 291 342 340 tibi
389 292 416 339 ὃ
451 289 596 339 homo
640 290 821 339 alterius
860 293 909 339 in
951 292 1141 342 nomine
1179 291 1378 361 figuntur
1410 310 1548 343 omen
1591 296 1792 345 alterius.

261 359 548 425 Stagnarunr
571 358 798 407 mortibus
835 358 984 422 campi
1025 358 1296 419 Pharsalici,
1332 363 1529 411 Romani
1559 361 1797 420 sanguinis

255 426 502 478 inebriavit
529 427 631 475 flos.
701 429 956 475 Decolores
984 424 1206 498 sanguine
1234 426 1286 476 &
1335 430 1506 479 fluctus
1544 429 1593 478 ὃ(
1625 421 1796 493 maria,

259 496 437 545 tinxere
464 497 706 543 exercitus.
783 494 1074 558 Cannarum,
1100 495 1400 557 Thrafimeffi,
1427 496 1666 547 &Trebi-a>
1682 515 1798 562 prae·

257 564 348 626 lia,
388 563 595 612 Martelli
646 563 782 612 unius
828 563 1152 630 Agaunensem
1182 564 1475 628 triumphum
1506 566 1540 614 fi
1570 569 1748 616 recolas
1778 601 1794 626 ,

255 632 447 696 Superi!
477 644 591 696 quot
615 647 726 679 orco
761 631 992 697 myriades
1022 632 1071 682 in
1093 629 1324 697 suppetias
1352 634 1492 681 lectae.
1560 634 1694 684 Adeo
1717 633 1784 683 so-

251 701 416 750 latium
448 703 599 749 Marte
636 699 824 767 dignius
851 701 1031 749 nullum
1058 734 1071 760 ‚
1116 704 1256 766 quam
1295 702 1425 766 quod
1455 701 1696 753 crudelitas
1743 703 1796 755 in

251 769 495 818 hominem
533 763 623 814 suis
654 768 880 819 mortibus
912 768 1079 818 statuit.
1152 769 1423 820 Moderatur
1442 771 1598 819 omnia
1627 770 1795 819 huma-

252 854 337 889 nus
367 838 559 886 animus,
662 836 901 886 Conditus
928 837 1008 886 ille
1034 851 1085 886 ut
1112 852 1266 904 regat,
1301 851 1353 886 ut
1382 836 1551 887 subsint
1581 853 1740 888 caetera
1773 873 1789 897 ,

256 907 306 956 &a
340 919 576 975 regantur.
667 907 829 954 Unum
871 905 1067 970 proinde
1106 906 1157 955 in
1185 906 1476 970 triumphum
1507 905 1620 954 duci
1660 908 1793 955 Mars

253 974 456 1043 gaudet,
489 988 539 1022 ut
568 971 708 1022 unius
742 972 949 1023 hominis
977 974 1217 1038 triumpho
1246 973 1372 1024 orbis
1395 987 1526 1024 totus
1555 978 1604 1023 in
1624 976 1788 1024 trium-

251 1042 400 1112 phum
430 1042 644 1096 ducatur.
715 1042 853 1090 Pestis
883 1043 1033 1100 nulla,
1069 1042 1288 1109 contagia
1321 1045 1470 1105 nulla,
1497 1041 1631 1092 bellis
1666 1056 1791 1092 atro·

252 1113 394 1161 ciora.
465 1111 668 1161 Saeviunt
696 1108 798 1170 illa,
827 1124 905 1159 aut
929 1109 1085 1173 lenm,
1120 1125 1195 1159 aut
1219 1127 1323 1159 raro
1349 1110 1489 1178 igne,
1516 1109 1611 1161 haee
1627 1129 1790 1175 pereu-

248 1181 298 1232 ni
324 1178 447 1239 fere,
483 1179 742 1229 decumano
760 1215 772 1238 ‚
806 1177 856 1227 ὃζ
881 1177 949 1227 sui
984 1180 1163 1245 impote
1192 1177 1369 1227 furore.
1441 1181 1571 1228 Hora
1595 1178 1678 1226 hie
1695 1178 1789 1229 Ca-

249 1248 520 1313 tastrophen
559 1246 733 1297 instruit
758 1280 771 1305 ‚
809 1263 947 1312 quam
986 1265 1216 1297 annorum
1250 1247 1464 1297 curriculi
1500 1247 1668 1297 eaeteris
1695 1264 1792 1297 ma·

247 1319 305 1369 lis
335 1334 434 1366 non
463 1315 679 1365 reddunt.
768 1317 980 1383 Dignum
1011 1315 1247 1364 enimvero
1274 1314 1432 1365 furore
1455 1313 1650 1364 barbaro
1685 1331 1790 1364 eru-

250 1386 448 1436 delitatis
481 1383 769 1449 trophaeum!
796 1385 1070 1448 Pompejos‚
1103 1382 1154 1433 &
1185 1383 1424 1434 Antonios
1445 1420 1457 1444 ‚
1495 1382 1592 1432 duo
1622 1386 1783 1433 recole

250 1454 424 1521 capita,
459 1452 629 1503 horum
657 1451 816 1518 gloriae
841 1469 960 1518 quot
985 1453 1131 1501 Urbis
1162 1453 1383 1503 Dominae
1420 1451 1598 1501 civibus
1639 1450 1702 1499 est
1734 1453 1788 1501 li·

251 1524 430 1572 tatum?
449 1519 722 1589 ‘myriadem
755 1521 936 1571 excessit
969 1520 1169 1570 viilima.
1235 1521 1363 1571 Darii
1395 1518 1632 1570 Persarum
1660 1521 1789 1571 Prin·

252 1592 372 1656 cipis
407 1589 475 1639 vis
517 1602 684 1656 quanta
717 1603 875 1638 contra
911 1589 1223 1640 Macedonem
1244 1588 1273 1639 ,Ρ
1302 1588 1540 1639 Siccandis
1582 1589 1782 1638 flumini-

243 1660 333 1710 bus
352 1695 364 1719 ,
391 1656 442 1708 &
466 1670 510 1706 te
547 1656 670 1708 endo
708 1658 827 1722 pene
855 1657 1160 1723 Hellesponto
1190 1676 1273 1722 par
1308 1672 1401 1706 crat
1425 1658 1660 1722 potentia,
1697 1656 1783 1706 im·

244 1746 328 1795 par
350 1743 502 1778 tamen
513 1677 724 1775 {atiando
748 1726 882 1775 rietui
913 1729 1129 1775 Bellonae.
1204 1726 1421 1776 Crudelis
1447 1743 1622 1793 vorago
1641 1762 1653 1783 ,
1680 1740 1784 1790 quae

247 1797 361 1846 dum
385 1794 546 1845 funere
569 1792 793 1858 pascitur,
829 1791 956 1858 pastu
996 1793 1096 1859 ipso
1116 1789 1249 1843 famis
1280 1792 1413 1842 sentit
1458 1807 1778 1861 augmentum.

241 1865 368 1916 Vide
397 1861 675 1914 crudelitatis
710 1862 976 1931 ingenium,
1013 1881 1072 1912 an
1106 1862 1280 1927 ingenii
1306 1860 1657 1911 crudelitatem?
1691 1860 1782 1911 Ca-

249 1934 468 1999 tapultis,
504 1930 746 1989 arietibuS,
775 1929 827 1981 ὃζ
857 1930 1009 1981 fundis
1038 1942 1244 1997 veterum
1262 1966 1274 1989 ,
1311 1947 1370 1980 aes
1393 1929 1589 1980 reboans
1613 1927 1663 1978 ὃ(
1692 1929 1782 1978 fer-

244 2021 351 2054 rum
384 1999 511 2052 Mars
549 1995 801 2059 substituit3
842 1999 938 2066 quo
976 2000 1173 2064 amplius
1203 1999 1329 2062 juxta
1368 2016 1420 2048 ac
1467 1999 1636 2048 certius
1673 2015 1781 2049 eum

243 2072 400 2134 feriat,
434 2066 563 2132 cujus
599 2064 844 2118 eonditum
869 2068 932 2118 est
946 2065 1186 2119 securitati.
1256 2067 1378 2117 Tuta
1394 2067 1632 2133 quondam
1647 2079 1780 2117 erant

247 2142 389 2191 Coelo
418 2139 579 2188 aernula
600 2135 822 2199 culmina,
857 2136 969 2184 fami
996 2135 1081 2186 soli
1109 2137 1305 2186 cervices
1330 2134 1427 2184 sitas
1441 2137 1641 2184 stratura.
1678 2138 1783 2183 Ho-

247 2209 325 2259 die
361 2207 595 2272 Olympus
635 2204 734 2270 ipse
763 2216 986 2261 tremere,
1014 2201 1109 2253 imo
1150 2202 1202 2252 &
1235 2216 1318 2267 per
1352 2221 1478 2252 auras
1503 2205 1658 2253 volare
1690 2204 1780 2252 do-

252 2279 352 2327 &us
380 2276 474 2336 est,
505 2274 616 2324 dum
645 2272 830 2324 Bellona
858 2273 1047 2339 ignibus
1070 2272 1305 2337 loquitur,
1336 2272 1504 2334 quibus
1532 2274 1699 2321 animet
1727 2272 1778 2324 in

244 2347 448 2397 volatum
481 2358 659 2392 montes
692 2338 743 2389 ἃ
780 2355 941 2407 petras.
1015 2341 1106 2390 Sed
1145 2357 1238 2406 quo
1269 2337 1640 2391 f1·u'c'ht?Tantae
1673 2357 1775 2389 mo·-

244 2417 299 2467 lis
331 2426 424 2462 erat
446 2411 697 2460 Romanam
732 2409 933 2460 condere
977 2424 1177 2477 gentem.
1249 2410 1318 2457 Ita
1343 2408 1602 2474 quondam.
1669 2410 1775 2460 Ho-

245 2484 342 2533 die:
368 2479 569 2531 Bellonae
595 2480 725 2543 jocus
770 2478 833 2528 est
863 2480 1106 2528 mortalem
1132 2477 1331 2543 perdere
1367 2492 1570 2548 gentem.

542 2617 709 2679 PRo
772 2618 1448 2680 INTELLmEN'rtA.

242 2764 473 2876 AUgiae
502 2762 750 2828 stabulum,
776 2779 853 2813 aut
879 2761 999 2816 Caci
1021 2760 1230 2827 spelaeum
1256 2762 1618 2829 intemperantia?
1650 2760 1772 2812 habe
1830 2768 1832 2771 ’

372 2837 684 2901 Prototypon.
756 2837 905 2885 Tanta
933 2831 996 2883 est
1017 2830 1249 2899 voraginis
1286 2829 1521 2898 utriusque
1554 2848 1768 2911 commu·

1594 2915 1694 2949 nio.
