<?xml version="1.0" encoding="UTF-8"?>
<!DOCTYPE html PUBLIC "-//W3C//DTD XHTML 1.0 Transitional//EN"
    "http://www.w3.org/TR/xhtml1/DTD/xhtml1-transitional.dtd">
<html xmlns="http://www.w3.org/1999/xhtml" xml:lang="en" lang="en">
 <head>
  <title>
</title>
<meta http-equiv="Content-Type" content="text/html;charset=utf-8" />
  <meta name='ocr-system' content='tesseract 3.04.00' />
  <meta name='ocr-capabilities' content='ocr_page ocr_carea ocr_par ocr_line ocrx_word'/>
</head>
<body>
  <div class='ocr_page' id='page_1' title='image "./ideasapientisthe00vano_0301.png"; bbox 0 0 1832 3151; ppageno 0'>
   <div class='ocr_carea' id='block_1_1' title="bbox 0 174 1586 369">
    <p class='ocr_par' dir='ltr' id='par_1_1' title="bbox 0 174 1586 369">
     <span class='ocr_line' id='line_1_1' title="bbox 59 174 1586 242; baseline -0.005 -12"><span class='ocrx_word' id='word_1_1' title='bbox 59 177 261 231; x_wconf 70' lang='lat' dir='ltr'>Enervie</span> <span class='ocrx_word' id='word_1_2' title='bbox 283 212 297 236; x_wconf 92' lang='lat'>,</span> <span class='ocrx_word' id='word_1_3' title='bbox 336 176 616 230; x_wconf 82' lang='lat' dir='ltr'>&amp;ludibrio</span> <span class='ocrx_word' id='word_1_4' title='bbox 648 178 746 234; x_wconf 85' lang='lat' dir='ltr'>est,</span> <span class='ocrx_word' id='word_1_5' title='bbox 785 179 857 226; x_wconf 85' lang='lat' dir='ltr'>vel</span> <span class='ocrx_word' id='word_1_6' title='bbox 890 178 1119 235; x_wconf 77' lang='lat' dir='ltr'>audaciae,</span> <span class='ocrx_word' id='word_1_7' title='bbox 1159 174 1231 226; x_wconf 84' lang='lat' dir='ltr'>vel</span> <span class='ocrx_word' id='word_1_8' title='bbox 1270 176 1546 242; x_wconf 81' lang='lat' dir='ltr'>arrogantiae</span> <span class='ocrx_word' id='word_1_9' title='bbox 1568 209 1586 236; x_wconf 86' lang='lat'>‚</span> 
     </span>
     <span class='ocr_line' id='line_1_2' title="bbox 0 242 1583 365; baseline -0.001 -68"><span class='ocrx_word' id='word_1_10' title='bbox 0 318 3 329; x_wconf 80' lang='lat'>.</span> <span class='ocrx_word' id='word_1_11' title='bbox 60 249 136 300; x_wconf 81' lang='lat' dir='ltr'>vel</span> <span class='ocrx_word' id='word_1_12' title='bbox 166 251 409 365; x_wconf 45' lang='lat' dir='ltr'>pig-oterfflae</span> <span class='ocrx_word' id='word_1_13' title='bbox 444 249 583 300; x_wconf 83' lang='lat' dir='ltr'>etiam</span> <span class='ocrx_word' id='word_1_14' title='bbox 625 243 946 313; x_wconf 84' lang='lat' dir='ltr'>sapientiffima</span> <span class='ocrx_word' id='word_1_15' title='bbox 990 242 1136 303; x_wconf 82' lang='lat' dir='ltr'>ratio,</span> <span class='ocrx_word' id='word_1_16' title='bbox 1183 243 1260 293; x_wconf 89' lang='lat' dir='ltr'>ubi</span> <span class='ocrx_word' id='word_1_17' title='bbox 1300 246 1416 294; x_wconf 86' lang='lat' dir='ltr'>vires</span> <span class='ocrx_word' id='word_1_18' title='bbox 1460 260 1583 299; x_wconf 76' lang='lat' dir='ltr'>arma</span> 
     </span>
     <span class='ocr_line' id='line_1_3' title="bbox 0 331 399 369; baseline 0.01 -4"><span class='ocrx_word' id='word_1_19' title='bbox 0 336 5 365; x_wconf 84' lang='grc' dir='ltr'>ι</span> <span class='ocrx_word' id='word_1_20' title='bbox 61 331 167 368; x_wconf 72' lang='lat' dir='ltr'>non</span> <span class='ocrx_word' id='word_1_21' title='bbox 209 331 399 369; x_wconf 81' lang='lat' dir='ltr'>ucmnt.</span> 
     </span>
    </p>
   </div>
   <div class='ocr_carea' id='block_1_2' title="bbox 0 0 1500 308">
    <p class='ocr_par' dir='ltr' id='par_1_2' title="bbox 0 0 1500 308">
     <span class='ocr_line' id='line_1_4' title="bbox 0 0 1500 259; baseline -0.006 -102"><span class='ocrx_word' id='word_1_22' title='bbox 0 0 12 259; x_wconf 41' lang='grc' dir='ltr'>ζ</span> <span class='ocrx_word' id='word_1_23' title='bbox 502 69 1082 159; x_wconf 48' lang='grc' dir='ltr'>ξθὲεὲζοὶέίέέέ</span> <span class='ocrx_word' id='word_1_24' title='bbox 1392 90 1500 148; x_wconf 79' lang='lat'>¹51</span> 
     </span>
     <span class='ocr_line' id='line_1_5' title="bbox 0 263 7 308; baseline 0 -5"><span class='ocrx_word' id='word_1_25' title='bbox 0 263 7 308; x_wconf 57' lang='lat' dir='ltr'>i</span> 
     </span>
    </p>
   </div>
   <div class='ocr_carea' id='block_1_3' title="bbox 478 451 1155 515">
    <p class='ocr_par' dir='ltr' id='par_1_3' title="bbox 478 451 1155 515">
     <span class='ocr_line' id='line_1_6' title="bbox 478 451 1155 515; baseline -0.004 -2"><span class='ocrx_word' id='word_1_26' title='bbox 478 451 640 513; x_wconf 66' lang='lat' dir='ltr'>pao</span> <span class='ocrx_word' id='word_1_27' title='bbox 699 452 1155 515; x_wconf 68' lang='lat' dir='ltr'>CoNs1L11s</span> 
     </span>
    </p>
   </div>
   <div class='ocr_carea' id='block_1_4' title="bbox 0 593 1592 2908">
    <p class='ocr_par' dir='ltr' id='par_1_4' title="bbox 0 593 1592 2908">
     <span class='ocr_line' id='line_1_7' title="bbox 57 593 1583 706; baseline -0.002 -62"><span class='ocrx_word' id='word_1_28' title='bbox 57 594 261 706; x_wconf 72' lang='lat' dir='ltr'>INfelix</span> <span class='ocrx_word' id='word_1_29' title='bbox 295 594 568 660; x_wconf 86' lang='lat' dir='ltr'>publicum,</span> <span class='ocrx_word' id='word_1_30' title='bbox 603 596 680 647; x_wconf 90' lang='lat' dir='ltr'>ubi</span> <span class='ocrx_word' id='word_1_31' title='bbox 705 596 868 646; x_wconf 73' lang='lat' dir='ltr'>fiituris</span> <span class='ocrx_word' id='word_1_32' title='bbox 897 611 996 645; x_wconf 90' lang='lat' dir='ltr'>non</span> <span class='ocrx_word' id='word_1_33' title='bbox 1028 606 1300 659; x_wconf 81' lang='lat' dir='ltr'>praecavetur</span> <span class='ocrx_word' id='word_1_34' title='bbox 1337 593 1583 657; x_wconf 80' lang='lat' dir='ltr'>periculis,</span> 
     </span>
     <span class='ocr_line' id='line_1_8' title="bbox 132 661 1587 731; baseline 0 -17"><span class='ocrx_word' id='word_1_35' title='bbox 132 681 234 715; x_wconf 92' lang='lat' dir='ltr'>non</span> <span class='ocrx_word' id='word_1_36' title='bbox 256 663 531 731; x_wconf 81' lang='lat' dir='ltr'><strong>prospicitur</strong></span> <span class='ocrx_word' id='word_1_37' title='bbox 563 666 825 716; x_wconf 88' lang='lat' dir='ltr'>momentis.</span> <span class='ocrx_word' id='word_1_38' title='bbox 913 664 1046 712; x_wconf 85' lang='lat' dir='ltr'>Nihil</span> <span class='ocrx_word' id='word_1_39' title='bbox 1070 664 1121 713; x_wconf 89' lang='lat' dir='ltr'>in</span> <span class='ocrx_word' id='word_1_40' title='bbox 1156 662 1270 714; x_wconf 86' lang='lat' dir='ltr'>orbe</span> <span class='ocrx_word' id='word_1_41' title='bbox 1290 661 1467 714; x_wconf 84' lang='lat' dir='ltr'>infidiis</span> <span class='ocrx_word' id='word_1_42' title='bbox 1493 680 1587 714; x_wconf 86' lang='lat' dir='ltr'>ma·</span> 
     </span>
     <span class='ocr_line' id='line_1_9' title="bbox 58 731 1587 804; baseline 0 -24"><span class='ocrx_word' id='word_1_43' title='bbox 58 732 132 804; x_wconf 80' lang='lat' dir='ltr'>gis</span> <span class='ocrx_word' id='word_1_44' title='bbox 163 732 445 791; x_wconf 80' lang='lat' dir='ltr'>obnoxium,</span> <span class='ocrx_word' id='word_1_45' title='bbox 482 736 620 799; x_wconf 55' lang='lat' dir='ltr'>quam</span> <span class='ocrx_word' id='word_1_46' title='bbox 658 733 945 797; x_wconf 76' lang='lat' dir='ltr'>Respublica.</span> <span class='ocrx_word' id='word_1_47' title='bbox 1006 734 1170 790; x_wconf 82' lang='lat' dir='ltr'>Felix,</span> <span class='ocrx_word' id='word_1_48' title='bbox 1208 733 1285 796; x_wconf 89' lang='lat' dir='ltr'>qui</span> <span class='ocrx_word' id='word_1_49' title='bbox 1325 731 1433 781; x_wconf 87' lang='lat' dir='ltr'>huic</span> <span class='ocrx_word' id='word_1_50' title='bbox 1473 746 1587 793; x_wconf 86' lang='lat' dir='ltr'>ope·</span> 
     </span>
     <span class='ocr_line' id='line_1_10' title="bbox 59 800 1588 865; baseline -0.001 -15"><span class='ocrx_word' id='word_1_51' title='bbox 59 818 157 852; x_wconf 83' lang='lat' dir='ltr'>ram</span> <span class='ocrx_word' id='word_1_52' title='bbox 183 802 320 850; x_wconf 82' lang='lat' dir='ltr'>locat.</span> <span class='ocrx_word' id='word_1_53' title='bbox 392 802 658 853; x_wconf 86' lang='lat' dir='ltr'>Divinitatis</span> <span class='ocrx_word' id='word_1_54' title='bbox 694 802 902 852; x_wconf 75' lang='lat' dir='ltr'>tesseram</span> <span class='ocrx_word' id='word_1_55' title='bbox 935 801 1130 864; x_wconf 78' lang='lat' dir='ltr'>possidet</span> <span class='ocrx_word' id='word_1_56' title='bbox 1160 835 1171 857; x_wconf 93' lang='lat'>,</span> <span class='ocrx_word' id='word_1_57' title='bbox 1224 803 1304 865; x_wconf 86' lang='lat' dir='ltr'>qui</span> <span class='ocrx_word' id='word_1_58' title='bbox 1345 800 1588 850; x_wconf 86' lang='lat' dir='ltr'>communi</span> 
     </span>
     <span class='ocr_line' id='line_1_11' title="bbox 0 864 1587 934; baseline -0.002 -15"><span class='ocrx_word' id='word_1_59' title='bbox 0 894 1 900; x_wconf 44' lang='lat'>1</span> <span class='ocrx_word' id='word_1_60' title='bbox 61 867 189 930; x_wconf 82' lang='lat' dir='ltr'>bono</span> <span class='ocrx_word' id='word_1_61' title='bbox 220 870 329 919; x_wconf 74' lang='lat' dir='ltr'>cum</span> <span class='ocrx_word' id='word_1_62' title='bbox 358 869 497 934; x_wconf 85' lang='lat' dir='ltr'>poffit</span> <span class='ocrx_word' id='word_1_63' title='bbox 521 906 534 931; x_wconf 90' lang='lat'>,</span> <span class='ocrx_word' id='word_1_64' title='bbox 574 868 626 920; x_wconf 86' lang='lat'>&amp;</span> <span class='ocrx_word' id='word_1_65' title='bbox 659 869 876 920; x_wconf 86' lang='lat' dir='ltr'>consulit.</span> <span class='ocrx_word' id='word_1_66' title='bbox 968 869 1143 918; x_wconf 75' lang='lat' dir='ltr'>Merito</span> <span class='ocrx_word' id='word_1_67' title='bbox 1178 871 1387 919; x_wconf 83' lang='lat' dir='ltr'>Deorum</span> <span class='ocrx_word' id='word_1_68' title='bbox 1430 864 1587 916; x_wconf 85' lang='lat' dir='ltr'>censui</span> 
     </span>
     <span class='ocr_line' id='line_1_12' title="bbox 54 935 1588 1004; baseline -0.002 -17"><span class='ocrx_word' id='word_1_69' title='bbox 54 937 235 1004; x_wconf 14' lang='lat' dir='ltr'>,adlegit</span> <span class='ocrx_word' id='word_1_70' title='bbox 262 953 347 986; x_wconf 88' lang='lat' dir='ltr'>eos</span> <span class='ocrx_word' id='word_1_71' title='bbox 377 939 631 1004; x_wconf 76' lang='lat' dir='ltr'>antiquitas.</span> <span class='ocrx_word' id='word_1_72' title='bbox 718 942 825 989; x_wconf 85' lang='lat' dir='ltr'>Hoc</span> <span class='ocrx_word' id='word_1_73' title='bbox 851 954 944 988; x_wconf 92' lang='lat' dir='ltr'>uno</span> <span class='ocrx_word' id='word_1_74' title='bbox 970 941 1166 1000; x_wconf 70' lang='lat' dir='ltr'>naimque</span> <span class='ocrx_word' id='word_1_75' title='bbox 1198 936 1387 986; x_wconf 87' lang='lat' dir='ltr'>nomine</span> <span class='ocrx_word' id='word_1_76' title='bbox 1412 935 1588 985; x_wconf 85' lang='lat' dir='ltr'>nihilin</span> 
     </span>
     <span class='ocr_line' id='line_1_13' title="bbox 57 1001 1588 1075; baseline -0.003 -19"><span class='ocrx_word' id='word_1_77' title='bbox 57 1004 171 1056; x_wconf 85' lang='lat' dir='ltr'>orbe</span> <span class='ocrx_word' id='word_1_78' title='bbox 196 1004 412 1056; x_wconf 86' lang='lat' dir='ltr'>divinius.</span> <span class='ocrx_word' id='word_1_79' title='bbox 480 1007 607 1056; x_wconf 60' lang='lat' dir='ltr'>Aeris</span> <span class='ocrx_word' id='word_1_80' title='bbox 634 1041 647 1065; x_wconf 83' lang='lat'>‚</span> <span class='ocrx_word' id='word_1_81' title='bbox 699 1004 962 1075; x_wconf 84' lang='lat' dir='ltr'>&amp;agendis</span> <span class='ocrx_word' id='word_1_82' title='bbox 995 1004 1259 1066; x_wconf 79' lang='lat' dir='ltr'>illustratur,</span> <span class='ocrx_word' id='word_1_83' title='bbox 1295 1001 1481 1064; x_wconf 80' lang='lat' dir='ltr'>crescit,</span> <span class='ocrx_word' id='word_1_84' title='bbox 1532 1001 1588 1052; x_wconf 69' lang='grc' dir='ltr'>δε</span> 
     </span>
     <span class='ocr_line' id='line_1_14' title="bbox 24 1070 1589 1143; baseline -0.003 -19"><span class='ocrx_word' id='word_1_85' title='bbox 24 1094 27 1097; x_wconf 66' lang='grc'>’</span> <span class='ocrx_word' id='word_1_86' title='bbox 57 1070 259 1124; x_wconf 84' lang='lat' dir='ltr'>servatur</span> <span class='ocrx_word' id='word_1_87' title='bbox 281 1076 434 1124; x_wconf 89' lang='lat' dir='ltr'>omnis</span> <span class='ocrx_word' id='word_1_88' title='bbox 462 1073 760 1141; x_wconf 84' lang='lat' dir='ltr'>Respublica3</span> <span class='ocrx_word' id='word_1_89' title='bbox 793 1074 906 1140; x_wconf 91' lang='lat' dir='ltr'>quid</span> <span class='ocrx_word' id='word_1_90' title='bbox 941 1089 1044 1143; x_wconf 84' lang='lat' dir='ltr'>agat</span> <span class='ocrx_word' id='word_1_91' title='bbox 1074 1090 1158 1138; x_wconf 82' lang='lat' dir='ltr'>pro</span> <span class='ocrx_word' id='word_1_92' title='bbox 1192 1072 1360 1120; x_wconf 83' lang='lat' dir='ltr'>decore</span> <span class='ocrx_word' id='word_1_93' title='bbox 1379 1104 1393 1129; x_wconf 90' lang='lat'>‚</span> <span class='ocrx_word' id='word_1_94' title='bbox 1428 1073 1486 1121; x_wconf 72' lang='lat' dir='ltr'>ne</span> <span class='ocrx_word' id='word_1_95' title='bbox 1519 1070 1589 1119; x_wconf 88' lang='lat' dir='ltr'>di-</span> 
     </span>
     <span class='ocr_line' id='line_1_15' title="bbox 55 1138 1587 1207; baseline -0.003 -16"><span class='ocrx_word' id='word_1_96' title='bbox 55 1157 161 1191; x_wconf 85' lang='lat' dir='ltr'>cam</span> <span class='ocrx_word' id='word_1_97' title='bbox 189 1158 280 1206; x_wconf 90' lang='lat' dir='ltr'>pro</span> <span class='ocrx_word' id='word_1_98' title='bbox 317 1142 572 1193; x_wconf 87' lang='lat' dir='ltr'>commodo</span> <span class='ocrx_word' id='word_1_99' title='bbox 594 1178 607 1201; x_wconf 97' lang='lat'>,</span> <span class='ocrx_word' id='word_1_100' title='bbox 645 1143 771 1207; x_wconf 82' lang='lat' dir='ltr'>quod</span> <span class='ocrx_word' id='word_1_101' title='bbox 809 1141 998 1192; x_wconf 83' lang='lat' dir='ltr'>consilio</span> <span class='ocrx_word' id='word_1_102' title='bbox 1025 1159 1119 1192; x_wconf 90' lang='lat' dir='ltr'>non</span> <span class='ocrx_word' id='word_1_103' title='bbox 1149 1138 1409 1189; x_wconf 84' lang='lat' dir='ltr'>fundatur?</span> <span class='ocrx_word' id='word_1_104' title='bbox 1446 1140 1587 1189; x_wconf 83' lang='lat' dir='ltr'>Tolle</span> 
     </span>
     <span class='ocr_line' id='line_1_16' title="bbox 55 1206 1588 1278; baseline -0.003 -17"><span class='ocrx_word' id='word_1_105' title='bbox 55 1209 303 1261; x_wconf 85' lang='lat' dir='ltr'>cerebrum</span> <span class='ocrx_word' id='word_1_106' title='bbox 334 1212 505 1278; x_wconf 78' lang='lat' dir='ltr'>capiti3</span> <span class='ocrx_word' id='word_1_107' title='bbox 540 1210 620 1260; x_wconf 81' lang='lat' dir='ltr'>fibi</span> <span class='ocrx_word' id='word_1_108' title='bbox 647 1212 880 1269; x_wconf 83' lang='lat' dir='ltr'>dedecus,</span> <span class='ocrx_word' id='word_1_109' title='bbox 916 1211 1016 1261; x_wconf 88' lang='lat' dir='ltr'>orbi</span> <span class='ocrx_word' id='word_1_110' title='bbox 1064 1208 1287 1275; x_wconf 86' lang='lat' dir='ltr'>probrum</span> <span class='ocrx_word' id='word_1_111' title='bbox 1326 1206 1410 1256; x_wconf 88' lang='lat' dir='ltr'>erit</span> <span class='ocrx_word' id='word_1_112' title='bbox 1435 1242 1447 1266; x_wconf 91' lang='lat'>,</span> <span class='ocrx_word' id='word_1_113' title='bbox 1482 1224 1588 1273; x_wconf 83' lang='lat' dir='ltr'>par·</span> 
     </span>
     <span class='ocr_line' id='line_1_17' title="bbox 56 1274 1588 1346; baseline -0.004 -17"><span class='ocrx_word' id='word_1_114' title='bbox 56 1295 164 1329; x_wconf 86' lang='lat' dir='ltr'>vum</span> <span class='ocrx_word' id='word_1_115' title='bbox 193 1276 317 1329; x_wconf 75' lang='lat' dir='ltr'>orbis</span> <span class='ocrx_word' id='word_1_116' title='bbox 351 1280 718 1346; x_wconf 84' lang='lat' dir='ltr'>compendium,</span> <span class='ocrx_word' id='word_1_117' title='bbox 752 1279 915 1329; x_wconf 89' lang='lat' dir='ltr'>homo.</span> <span class='ocrx_word' id='word_1_118' title='bbox 1005 1279 1149 1328; x_wconf 80' lang='lat' dir='ltr'>Tolle</span> <span class='ocrx_word' id='word_1_119' title='bbox 1180 1274 1418 1326; x_wconf 82' lang='lat' dir='ltr'>confilium</span> <span class='ocrx_word' id='word_1_120' title='bbox 1441 1310 1454 1332; x_wconf 90' lang='lat'>,</span> <span class='ocrx_word' id='word_1_121' title='bbox 1503 1274 1588 1324; x_wconf 81' lang='lat' dir='ltr'>fibi</span> 
     </span>
     <span class='ocr_line' id='line_1_18' title="bbox 58 1343 1585 1414; baseline -0.003 -17"><span class='ocrx_word' id='word_1_122' title='bbox 58 1345 241 1414; x_wconf 85' lang='lat' dir='ltr'>gravis,</span> <span class='ocrx_word' id='word_1_123' title='bbox 277 1347 532 1397; x_wconf 81' lang='lat' dir='ltr'>ludibrium</span> <span class='ocrx_word' id='word_1_124' title='bbox 557 1348 660 1398; x_wconf 90' lang='lat' dir='ltr'>orbi</span> <span class='ocrx_word' id='word_1_125' title='bbox 690 1348 774 1398; x_wconf 90' lang='lat' dir='ltr'>erit</span> <span class='ocrx_word' id='word_1_126' title='bbox 808 1345 1092 1413; x_wconf 84' lang='lat' dir='ltr'>Respublica.</span> <span class='ocrx_word' id='word_1_127' title='bbox 1161 1344 1247 1393; x_wconf 89' lang='lat' dir='ltr'>Vis</span> <span class='ocrx_word' id='word_1_128' title='bbox 1287 1343 1440 1393; x_wconf 87' lang='lat' dir='ltr'>metiri</span> <span class='ocrx_word' id='word_1_129' title='bbox 1482 1345 1585 1411; x_wconf 87' lang='lat' dir='ltr'>glo·</span> 
     </span>
     <span class='ocr_line' id='line_1_19' title="bbox 55 1409 1592 1478; baseline -0.005 -14"><span class='ocrx_word' id='word_1_130' title='bbox 55 1416 198 1478; x_wconf 78' lang='lat' dir='ltr'>riam,</span> <span class='ocrx_word' id='word_1_131' title='bbox 237 1416 535 1478; x_wconf 81' lang='lat' dir='ltr'>felicitatem,</span> <span class='ocrx_word' id='word_1_132' title='bbox 571 1415 742 1467; x_wconf 88' lang='lat' dir='ltr'>robur?</span> <span class='ocrx_word' id='word_1_133' title='bbox 779 1416 968 1467; x_wconf 79' lang='lat' dir='ltr'>confilia</span> <span class='ocrx_word' id='word_1_134' title='bbox 985 1415 1225 1472; x_wconf 78' lang='lat' dir='ltr'>dimetire3</span> <span class='ocrx_word' id='word_1_135' title='bbox 1254 1409 1463 1462; x_wconf 74' lang='lat' dir='ltr'>mensura</span> <span class='ocrx_word' id='word_1_136' title='bbox 1477 1429 1592 1462; x_wconf 82' lang='lat' dir='ltr'>con.</span> 
     </span>
     <span class='ocr_line' id='line_1_20' title="bbox 51 1480 1586 1548; baseline -0.003 -14"><span class='ocrx_word' id='word_1_137' title='bbox 51 1483 254 1534; x_wconf 84' lang='lat' dir='ltr'>{iliorum</span> <span class='ocrx_word' id='word_1_138' title='bbox 285 1518 297 1541; x_wconf 93' lang='lat'>,</span> <span class='ocrx_word' id='word_1_139' title='bbox 356 1484 599 1548; x_wconf 85' lang='lat' dir='ltr'>plenitudo</span> <span class='ocrx_word' id='word_1_140' title='bbox 633 1485 694 1534; x_wconf 90' lang='lat' dir='ltr'>est</span> <span class='ocrx_word' id='word_1_141' title='bbox 729 1484 957 1534; x_wconf 87' lang='lat' dir='ltr'>omnium.</span> <span class='ocrx_word' id='word_1_142' title='bbox 1028 1482 1157 1532; x_wconf 70' lang='lat' dir='ltr'>Male</span> <span class='ocrx_word' id='word_1_143' title='bbox 1192 1480 1427 1532; x_wconf 79' lang='lat' dir='ltr'>cohaerent</span> <span class='ocrx_word' id='word_1_144' title='bbox 1468 1482 1586 1530; x_wconf 87' lang='lat' dir='ltr'>inter</span> 
     </span>
     <span class='ocr_line' id='line_1_21' title="bbox 55 1548 1591 1620; baseline -0.004 -19"><span class='ocrx_word' id='word_1_145' title='bbox 55 1549 101 1601; x_wconf 85' lang='lat' dir='ltr'>se</span> <span class='ocrx_word' id='word_1_146' title='bbox 127 1549 331 1620; x_wconf 76' lang='lat' dir='ltr'>lingula,</span> <span class='ocrx_word' id='word_1_147' title='bbox 368 1552 482 1601; x_wconf 89' lang='lat' dir='ltr'>dum</span> <span class='ocrx_word' id='word_1_148' title='bbox 511 1552 611 1603; x_wconf 78' lang='lat' dir='ltr'>haec</span> <span class='ocrx_word' id='word_1_149' title='bbox 638 1554 816 1603; x_wconf 78' lang='lat' dir='ltr'>amussis</span> <span class='ocrx_word' id='word_1_150' title='bbox 846 1570 942 1602; x_wconf 91' lang='lat' dir='ltr'>non</span> <span class='ocrx_word' id='word_1_151' title='bbox 965 1548 1175 1616; x_wconf 85' lang='lat' dir='ltr'>dispescit</span> <span class='ocrx_word' id='word_1_152' title='bbox 1200 1549 1440 1606; x_wconf 82' lang='lat' dir='ltr'>ordinem,</span> <span class='ocrx_word' id='word_1_153' title='bbox 1483 1566 1591 1598; x_wconf 85' lang='lat' dir='ltr'>cau·</span> 
     </span>
     <span class='ocr_line' id='line_1_22' title="bbox 55 1616 1588 1678; baseline -0.001 -9"><span class='ocrx_word' id='word_1_154' title='bbox 55 1617 122 1669; x_wconf 86' lang='lat' dir='ltr'>sas</span> <span class='ocrx_word' id='word_1_155' title='bbox 149 1620 310 1678; x_wconf 88' lang='lat' dir='ltr'>librat,</span> <span class='ocrx_word' id='word_1_156' title='bbox 347 1618 473 1671; x_wconf 85' lang='lat' dir='ltr'>casus</span> <span class='ocrx_word' id='word_1_157' title='bbox 500 1622 730 1671; x_wconf 85' lang='lat' dir='ltr'>amolitur.</span> <span class='ocrx_word' id='word_1_158' title='bbox 794 1621 932 1671; x_wconf 88' lang='lat' dir='ltr'>Mole</span> <span class='ocrx_word' id='word_1_159' title='bbox 963 1618 1039 1668; x_wconf 59' lang='lat' dir='ltr'>sua</span> <span class='ocrx_word' id='word_1_160' title='bbox 1070 1618 1324 1669; x_wconf 85' lang='lat' dir='ltr'>ludibrium</span> <span class='ocrx_word' id='word_1_161' title='bbox 1356 1616 1588 1677; x_wconf 85' lang='lat' dir='ltr'>concidit,</span> 
     </span>
     <span class='ocr_line' id='line_1_23' title="bbox 53 1683 1588 1753; baseline -0.001 -17"><span class='ocrx_word' id='word_1_162' title='bbox 53 1687 183 1753; x_wconf 85' lang='lat' dir='ltr'>quod</span> <span class='ocrx_word' id='word_1_163' title='bbox 210 1687 517 1739; x_wconf 84' lang='lat' dir='ltr'>fundamento</span> <span class='ocrx_word' id='word_1_164' title='bbox 547 1689 640 1740; x_wconf 89' lang='lat' dir='ltr'>hoc</span> <span class='ocrx_word' id='word_1_165' title='bbox 682 1705 821 1740; x_wconf 82' lang='lat' dir='ltr'>caret.</span> <span class='ocrx_word' id='word_1_166' title='bbox 891 1688 1055 1738; x_wconf 87' lang='lat' dir='ltr'>Turbo</span> <span class='ocrx_word' id='word_1_167' title='bbox 1091 1688 1268 1753; x_wconf 82' lang='lat' dir='ltr'>primus</span> <span class='ocrx_word' id='word_1_168' title='bbox 1308 1683 1396 1735; x_wconf 85' lang='lat' dir='ltr'>suae</span> <span class='ocrx_word' id='word_1_169' title='bbox 1431 1685 1588 1735; x_wconf 83' lang='lat' dir='ltr'>statuit</span> 
     </span>
     <span class='ocr_line' id='line_1_24' title="bbox 55 1750 1587 1823; baseline -0.001 -18"><span class='ocrx_word' id='word_1_170' title='bbox 55 1757 332 1823; x_wconf 65' lang='lat' dir='ltr'>proterviae,</span> <span class='ocrx_word' id='word_1_171' title='bbox 371 1773 447 1807; x_wconf 85' lang='lat' dir='ltr'>aot</span> <span class='ocrx_word' id='word_1_172' title='bbox 467 1758 732 1811; x_wconf 82' lang='lat' dir='ltr'>temeritatis</span> <span class='ocrx_word' id='word_1_173' title='bbox 761 1758 1041 1821; x_wconf 82' lang='lat' dir='ltr'>exemplum.</span> <span class='ocrx_word' id='word_1_174' title='bbox 1115 1759 1286 1805; x_wconf 85' lang='lat' dir='ltr'>Futura</span> <span class='ocrx_word' id='word_1_175' title='bbox 1306 1750 1587 1819; x_wconf 80' lang='lat' dir='ltr'>prospicere,</span> 
     </span>
     <span class='ocr_line' id='line_1_25' title="bbox 54 1820 1589 1891; baseline -0.001 -18"><span class='ocrx_word' id='word_1_176' title='bbox 54 1825 287 1875; x_wconf 86' lang='lat' dir='ltr'>moderari</span> <span class='ocrx_word' id='word_1_177' title='bbox 319 1824 578 1891; x_wconf 81' lang='lat' dir='ltr'>praesentia,</span> <span class='ocrx_word' id='word_1_178' title='bbox 614 1827 759 1875; x_wconf 80' lang='lat' dir='ltr'>astum</span> <span class='ocrx_word' id='word_1_179' title='bbox 782 1827 872 1876; x_wconf 84' lang='lat' dir='ltr'>astu</span> <span class='ocrx_word' id='word_1_180' title='bbox 887 1839 1177 1890; x_wconf 83' lang='lat' dir='ltr'>praevertere,</span> <span class='ocrx_word' id='word_1_181' title='bbox 1213 1822 1393 1888; x_wconf 80' lang='lat' dir='ltr'>legibus</span> <span class='ocrx_word' id='word_1_182' title='bbox 1413 1820 1589 1872; x_wconf 74' lang='lat' dir='ltr'>sancire</span> 
     </span>
     <span class='ocr_line' id='line_1_26' title="bbox 58 1890 1583 1960; baseline -0.001 -17"><span class='ocrx_word' id='word_1_183' title='bbox 58 1892 244 1952; x_wconf 82' lang='lat' dir='ltr'>omnia,</span> <span class='ocrx_word' id='word_1_184' title='bbox 281 1891 419 1944; x_wconf 83' lang='lat' dir='ltr'>solius</span> <span class='ocrx_word' id='word_1_185' title='bbox 440 1894 502 1943; x_wconf 88' lang='lat' dir='ltr'>est</span> <span class='ocrx_word' id='word_1_186' title='bbox 541 1895 820 1945; x_wconf 71' lang='lat' dir='ltr'>consulentis</span> <span class='ocrx_word' id='word_1_187' title='bbox 858 1893 1026 1960; x_wconf 83' lang='lat' dir='ltr'>Jovis,</span> <span class='ocrx_word' id='word_1_188' title='bbox 1064 1907 1143 1942; x_wconf 84' lang='lat' dir='ltr'>aut</span> <span class='ocrx_word' id='word_1_189' title='bbox 1179 1890 1370 1942; x_wconf 76' lang='lat' dir='ltr'>Palladis</span> <span class='ocrx_word' id='word_1_190' title='bbox 1411 1891 1583 1941; x_wconf 85' lang='lat' dir='ltr'>decus:</span> 
     </span>
     <span class='ocr_line' id='line_1_27' title="bbox 56 1957 1584 2027; baseline -0.002 -17"><span class='ocrx_word' id='word_1_191' title='bbox 56 1957 109 2010; x_wconf 73' lang='lat' dir='ltr'>Gt</span> <span class='ocrx_word' id='word_1_192' title='bbox 135 1960 205 2010; x_wconf 74' lang='lat' dir='ltr'>his</span> <span class='ocrx_word' id='word_1_193' title='bbox 229 1975 356 2025; x_wconf 81' lang='lat' dir='ltr'>parta</span> <span class='ocrx_word' id='word_1_194' title='bbox 381 1960 578 2011; x_wconf 87' lang='lat' dir='ltr'>servatur</span> <span class='ocrx_word' id='word_1_195' title='bbox 607 1961 801 2012; x_wconf 77' lang='lat' dir='ltr'>felicitas</span> <span class='ocrx_word' id='word_1_196' title='bbox 838 1960 1157 2027; x_wconf 87' lang='lat' dir='ltr'>imperiorum.</span> <span class='ocrx_word' id='word_1_197' title='bbox 1232 1961 1390 2025; x_wconf 84' lang='lat' dir='ltr'>Opere</span> <span class='ocrx_word' id='word_1_198' title='bbox 1420 1959 1584 2009; x_wconf 58' lang='lat' dir='ltr'>contra</span> 
     </span>
     <span class='ocr_line' id='line_1_28' title="bbox 52 2025 1587 2095; baseline -0.001 -17"><span class='ocrx_word' id='word_1_199' title='bbox 52 2031 241 2095; x_wconf 82' lang='lat' dir='ltr'>explere</span> <span class='ocrx_word' id='word_1_200' title='bbox 272 2028 432 2078; x_wconf 86' lang='lat' dir='ltr'>statuta</span> <span class='ocrx_word' id='word_1_201' title='bbox 456 2064 470 2089; x_wconf 94' lang='lat'>,</span> <span class='ocrx_word' id='word_1_202' title='bbox 507 2028 823 2079; x_wconf 83' lang='lat' dir='ltr'>consummare</span> <span class='ocrx_word' id='word_1_203' title='bbox 847 2028 1015 2079; x_wconf 86' lang='lat' dir='ltr'>sancita</span> <span class='ocrx_word' id='word_1_204' title='bbox 1034 2068 1047 2091; x_wconf 85' lang='lat'>‚</span> <span class='ocrx_word' id='word_1_205' title='bbox 1094 2029 1287 2078; x_wconf 86' lang='lat' dir='ltr'>minoris</span> <span class='ocrx_word' id='word_1_206' title='bbox 1313 2043 1382 2075; x_wconf 82' lang='lat' dir='ltr'>res</span> <span class='ocrx_word' id='word_1_207' title='bbox 1408 2025 1587 2092; x_wconf 85' lang='lat' dir='ltr'>ponde·</span> 
     </span>
     <span class='ocr_line' id='line_1_29' title="bbox 52 2094 1583 2150; baseline 0.001 -6"><span class='ocrx_word' id='word_1_208' title='bbox 52 2097 112 2145; x_wconf 74' lang='lat' dir='ltr'>ris</span> <span class='ocrx_word' id='word_1_209' title='bbox 136 2096 227 2150; x_wconf 69' lang='lat' dir='ltr'>est,</span> <span class='ocrx_word' id='word_1_210' title='bbox 265 2096 316 2147; x_wconf 85' lang='lat'>&amp;</span> <span class='ocrx_word' id='word_1_211' title='bbox 346 2099 592 2148; x_wconf 86' lang='lat' dir='ltr'>momenti.</span> <span class='ocrx_word' id='word_1_212' title='bbox 659 2099 726 2146; x_wconf 91' lang='lat' dir='ltr'>Ut</span> <span class='ocrx_word' id='word_1_213' title='bbox 765 2099 905 2146; x_wconf 60' lang='lat' dir='ltr'>iclum</span> <span class='ocrx_word' id='word_1_214' title='bbox 947 2097 1169 2148; x_wconf 76' lang='lat' dir='ltr'>duntaxat</span> <span class='ocrx_word' id='word_1_215' title='bbox 1197 2094 1391 2145; x_wconf 72' lang='lat' dir='ltr'>fortuito</span> <span class='ocrx_word' id='word_1_216' title='bbox 1413 2095 1583 2145; x_wconf 84' lang='lat' dir='ltr'>librare</span> 
     </span>
     <span class='ocr_line' id='line_1_30' title="bbox 54 2162 1584 2229; baseline -0.002 -15"><span class='ocrx_word' id='word_1_217' title='bbox 54 2177 134 2214; x_wconf 83' lang='lat' dir='ltr'>aut</span> <span class='ocrx_word' id='word_1_218' title='bbox 171 2181 307 2227; x_wconf 86' lang='lat' dir='ltr'>arcu,</span> <span class='ocrx_word' id='word_1_219' title='bbox 346 2182 424 2215; x_wconf 83' lang='lat' dir='ltr'>aut</span> <span class='ocrx_word' id='word_1_220' title='bbox 461 2166 651 2229; x_wconf 67' lang='lat' dir='ltr'>balista,</span> <span class='ocrx_word' id='word_1_221' title='bbox 687 2184 760 2216; x_wconf 86' lang='lat' dir='ltr'>res</span> <span class='ocrx_word' id='word_1_222' title='bbox 798 2165 861 2216; x_wconf 84' lang='lat' dir='ltr'>est</span> <span class='ocrx_word' id='word_1_223' title='bbox 887 2166 1035 2216; x_wconf 84' lang='lat' dir='ltr'>facilis</span> <span class='ocrx_word' id='word_1_224' title='bbox 1066 2163 1323 2216; x_wconf 84' lang='lat' dir='ltr'>admodum</span> <span class='ocrx_word' id='word_1_225' title='bbox 1358 2198 1370 2221; x_wconf 92' lang='lat'>,</span> <span class='ocrx_word' id='word_1_226' title='bbox 1406 2162 1516 2212; x_wconf 85' lang='lat' dir='ltr'>dura</span> <span class='ocrx_word' id='word_1_227' title='bbox 1537 2179 1584 2211; x_wconf 89' lang='lat' dir='ltr'>e·</span> 
     </span>
     <span class='ocr_line' id='line_1_31' title="bbox 55 2229 1583 2302; baseline -0.001 -20"><span class='ocrx_word' id='word_1_228' title='bbox 55 2245 213 2282; x_wconf 82' lang='lat' dir='ltr'>contra</span> <span class='ocrx_word' id='word_1_229' title='bbox 244 2271 256 2295; x_wconf 93' lang='lat'>,</span> <span class='ocrx_word' id='word_1_230' title='bbox 293 2234 536 2284; x_wconf 86' lang='lat' dir='ltr'>certiorem</span> <span class='ocrx_word' id='word_1_231' title='bbox 574 2236 618 2284; x_wconf 92' lang='lat' dir='ltr'>in</span> <span class='ocrx_word' id='word_1_232' title='bbox 649 2234 902 2299; x_wconf 85' lang='lat' dir='ltr'>perniciem</span> <span class='ocrx_word' id='word_1_233' title='bbox 942 2233 1178 2302; x_wconf 66' lang='lat' dir='ltr'>designare</span> <span class='ocrx_word' id='word_1_234' title='bbox 1230 2243 1467 2282; x_wconf 86' lang='lat' dir='ltr'>centrum:</span> <span class='ocrx_word' id='word_1_235' title='bbox 1521 2229 1583 2280; x_wconf 76' lang='lat' dir='ltr'>fic</span> 
     </span>
     <span class='ocr_line' id='line_1_32' title="bbox 54 2298 1574 2367; baseline -0.004 -16"><span class='ocrx_word' id='word_1_236' title='bbox 54 2299 257 2351; x_wconf 83' lang='lat' dir='ltr'>elumbis</span> <span class='ocrx_word' id='word_1_237' title='bbox 279 2303 342 2351; x_wconf 88' lang='lat' dir='ltr'>est</span> <span class='ocrx_word' id='word_1_238' title='bbox 363 2301 458 2367; x_wconf 83' lang='lat' dir='ltr'>ipsa</span> <span class='ocrx_word' id='word_1_239' title='bbox 484 2303 620 2353; x_wconf 89' lang='lat' dir='ltr'>ctiam</span> <span class='ocrx_word' id='word_1_240' title='bbox 650 2300 878 2352; x_wconf 77' lang='lat' dir='ltr'>fortitudo</span> <span class='ocrx_word' id='word_1_241' title='bbox 898 2301 930 2350; x_wconf 81' lang='lat' dir='ltr'>fi</span> <span class='ocrx_word' id='word_1_242' title='bbox 955 2302 1074 2353; x_wconf 84' lang='lat' dir='ltr'>vivat</span> <span class='ocrx_word' id='word_1_243' title='bbox 1095 2339 1106 2361; x_wconf 91' lang='lat'>,</span> <span class='ocrx_word' id='word_1_244' title='bbox 1145 2301 1258 2350; x_wconf 87' lang='lat' dir='ltr'>dum</span> <span class='ocrx_word' id='word_1_245' title='bbox 1270 2298 1446 2350; x_wconf 78' lang='lat' dir='ltr'>consilii</span> <span class='ocrx_word' id='word_1_246' title='bbox 1480 2298 1574 2347; x_wconf 86' lang='lat' dir='ltr'>ani-</span> 
     </span>
     <span class='ocr_line' id='line_1_33' title="bbox 56 2366 1576 2439; baseline -0.003 -21"><span class='ocrx_word' id='word_1_247' title='bbox 56 2372 132 2418; x_wconf 62' lang='lat' dir='ltr'>ma</span> <span class='ocrx_word' id='word_1_248' title='bbox 163 2383 306 2419; x_wconf 84' lang='lat' dir='ltr'>caret.</span> <span class='ocrx_word' id='word_1_249' title='bbox 372 2371 486 2420; x_wconf 87' lang='lat' dir='ltr'>Non</span> <span class='ocrx_word' id='word_1_250' title='bbox 517 2373 708 2429; x_wconf 87' lang='lat' dir='ltr'>terrori,</span> <span class='ocrx_word' id='word_1_251' title='bbox 743 2388 847 2420; x_wconf 89' lang='lat' dir='ltr'>non</span> <span class='ocrx_word' id='word_1_252' title='bbox 879 2371 1062 2439; x_wconf 83' lang='lat' dir='ltr'>gloriae,</span> <span class='ocrx_word' id='word_1_253' title='bbox 1101 2369 1178 2419; x_wconf 88' lang='lat' dir='ltr'>sed</span> <span class='ocrx_word' id='word_1_254' title='bbox 1213 2367 1465 2432; x_wconf 86' lang='lat' dir='ltr'>direptioni</span> <span class='ocrx_word' id='word_1_255' title='bbox 1497 2366 1576 2415; x_wconf 89' lang='lat' dir='ltr'>de-</span> 
     </span>
     <span class='ocr_line' id='line_1_34' title="bbox 55 2435 1591 2507; baseline -0.001 -22"><span class='ocrx_word' id='word_1_256' title='bbox 55 2435 269 2485; x_wconf 78' lang='lat' dir='ltr'>stinatum</span> <span class='ocrx_word' id='word_1_257' title='bbox 300 2437 361 2488; x_wconf 88' lang='lat' dir='ltr'>est</span> <span class='ocrx_word' id='word_1_258' title='bbox 396 2455 593 2507; x_wconf 80' lang='lat' dir='ltr'>regumn</span> <span class='ocrx_word' id='word_1_259' title='bbox 616 2475 627 2496; x_wconf 93' lang='lat'>‚</span> <span class='ocrx_word' id='word_1_260' title='bbox 669 2456 753 2503; x_wconf 84' lang='lat' dir='ltr'>pro</span> <span class='ocrx_word' id='word_1_261' title='bbox 785 2455 876 2502; x_wconf 89' lang='lat' dir='ltr'>quo</span> <span class='ocrx_word' id='word_1_262' title='bbox 898 2440 1009 2504; x_wconf 82' lang='lat' dir='ltr'>vigil</span> <span class='ocrx_word' id='word_1_263' title='bbox 1040 2457 1134 2488; x_wconf 92' lang='lat' dir='ltr'>non</span> <span class='ocrx_word' id='word_1_264' title='bbox 1161 2435 1360 2485; x_wconf 82' lang='lat' dir='ltr'>excubat</span> <span class='ocrx_word' id='word_1_265' title='bbox 1391 2435 1591 2483; x_wconf 86' lang='lat' dir='ltr'>oculus.-</span> 
     </span>
     <span class='ocr_line' id='line_1_35' title="bbox 54 2501 1578 2571; baseline -0.003 -17"><span class='ocrx_word' id='word_1_266' title='bbox 54 2504 211 2554; x_wconf 78' lang='lat' dir='ltr'>Hebes</span> <span class='ocrx_word' id='word_1_267' title='bbox 238 2505 302 2554; x_wconf 88' lang='lat' dir='ltr'>cst</span> <span class='ocrx_word' id='word_1_268' title='bbox 323 2545 335 2568; x_wconf 91' lang='lat'>,</span> <span class='ocrx_word' id='word_1_269' title='bbox 371 2509 450 2571; x_wconf 88' lang='lat' dir='ltr'>qui</span> <span class='ocrx_word' id='word_1_270' title='bbox 483 2506 549 2555; x_wconf 85' lang='lat' dir='ltr'>rei</span> <span class='ocrx_word' id='word_1_271' title='bbox 577 2505 788 2557; x_wconf 71' lang='lat' dir='ltr'>librandae</span> <span class='ocrx_word' id='word_1_272' title='bbox 820 2506 1066 2556; x_wconf 83' lang='lat' dir='ltr'>immemor</span> <span class='ocrx_word' id='word_1_273' title='bbox 1091 2504 1191 2555; x_wconf 87' lang='lat' dir='ltr'>solo</span> <span class='ocrx_word' id='word_1_274' title='bbox 1230 2519 1466 2554; x_wconf 85' lang='lat' dir='ltr'>armorum</span> <span class='ocrx_word' id='word_1_275' title='bbox 1488 2501 1578 2551; x_wconf 87' lang='lat' dir='ltr'>fre-</span> 
     </span>
     <span class='ocr_line' id='line_1_36' title="bbox 54 2571 1581 2636; baseline -0.001 -16"><span class='ocrx_word' id='word_1_276' title='bbox 54 2571 167 2622; x_wconf 87' lang='lat' dir='ltr'>mitu</span> <span class='ocrx_word' id='word_1_277' title='bbox 200 2591 301 2622; x_wconf 88' lang='lat' dir='ltr'>rem</span> <span class='ocrx_word' id='word_1_278' title='bbox 330 2573 505 2625; x_wconf 77' lang='lat' dir='ltr'>confici</span> <span class='ocrx_word' id='word_1_279' title='bbox 538 2591 728 2624; x_wconf 87' lang='lat' dir='ltr'>omnem</span> <span class='ocrx_word' id='word_1_280' title='bbox 772 2573 1011 2623; x_wconf 78' lang='lat' dir='ltr'>existimat.</span> <span class='ocrx_word' id='word_1_281' title='bbox 1091 2573 1316 2623; x_wconf 85' lang='lat' dir='ltr'>Sexcenta</span> <span class='ocrx_word' id='word_1_282' title='bbox 1358 2587 1455 2619; x_wconf 89' lang='lat' dir='ltr'>non</span> <span class='ocrx_word' id='word_1_283' title='bbox 1491 2586 1581 2636; x_wconf 89' lang='lat' dir='ltr'>po-</span> 
     </span>
     <span class='ocr_line' id='line_1_37' title="bbox 51 2635 1583 2708; baseline -0.001 -20"><span class='ocrx_word' id='word_1_284' title='bbox 51 2639 139 2689; x_wconf 87' lang='lat' dir='ltr'>tuit</span> <span class='ocrx_word' id='word_1_285' title='bbox 152 2641 247 2698; x_wconf 81' lang='lat' dir='ltr'>vis,</span> <span class='ocrx_word' id='word_1_286' title='bbox 284 2659 383 2707; x_wconf 82' lang='lat' dir='ltr'>quae</span> <span class='ocrx_word' id='word_1_287' title='bbox 407 2642 609 2708; x_wconf 87' lang='lat' dir='ltr'>prudens</span> <span class='ocrx_word' id='word_1_288' title='bbox 641 2641 897 2691; x_wconf 83' lang='lat' dir='ltr'>moderatio</span> <span class='ocrx_word' id='word_1_289' title='bbox 929 2639 1143 2707; x_wconf 82' lang='lat' dir='ltr'>praestitit.</span> <span class='ocrx_word' id='word_1_290' title='bbox 1202 2639 1399 2697; x_wconf 74' lang='lat' dir='ltr'>Tutius,</span> <span class='ocrx_word' id='word_1_291' title='bbox 1436 2635 1486 2686; x_wconf 84' lang='lat'>&amp;</span> <span class='ocrx_word' id='word_1_292' title='bbox 1515 2637 1583 2687; x_wconf 88' lang='lat' dir='ltr'>fe-</span> 
     </span>
     <span class='ocr_line' id='line_1_38' title="bbox 49 2704 1576 2775; baseline 0 -19"><span class='ocrx_word' id='word_1_293' title='bbox 49 2706 184 2758; x_wconf 71' lang='lat' dir='ltr'>licius</span> <span class='ocrx_word' id='word_1_294' title='bbox 216 2708 323 2760; x_wconf 86' lang='lat' dir='ltr'>feris</span> <span class='ocrx_word' id='word_1_295' title='bbox 357 2709 539 2760; x_wconf 86' lang='lat' dir='ltr'>hostem</span> <span class='ocrx_word' id='word_1_296' title='bbox 563 2710 784 2768; x_wconf 82' lang='lat' dir='ltr'>consilio,</span> <span class='ocrx_word' id='word_1_297' title='bbox 819 2710 958 2774; x_wconf 66' lang='lat' dir='ltr'>quam</span> <span class='ocrx_word' id='word_1_298' title='bbox 983 2708 1161 2775; x_wconf 84' lang='lat' dir='ltr'>calybe.</span> <span class='ocrx_word' id='word_1_299' title='bbox 1250 2711 1459 2772; x_wconf 80' lang='lat' dir='ltr'>Tempus</span> <span class='ocrx_word' id='word_1_300' title='bbox 1492 2704 1576 2756; x_wconf 86' lang='lat' dir='ltr'>ho.</span> 
     </span>
     <span class='ocr_line' id='line_1_39' title="bbox 51 2774 1566 2888; baseline -0.002 -62"><span class='ocrx_word' id='word_1_301' title='bbox 51 2774 128 2827; x_wconf 86' lang='lat' dir='ltr'>die</span> <span class='ocrx_word' id='word_1_302' title='bbox 143 2776 337 2830; x_wconf 75' lang='lat' dir='ltr'>vivimus</span> <span class='ocrx_word' id='word_1_303' title='bbox 355 2813 370 2841; x_wconf 85' lang='lat'>,</span> <span class='ocrx_word' id='word_1_304' title='bbox 402 2777 435 2829; x_wconf 83' lang='lat' dir='ltr'>fi</span> <span class='ocrx_word' id='word_1_305' title='bbox 456 2779 621 2831; x_wconf 84' lang='lat' dir='ltr'>Tacito</span> <span class='ocrx_word' id='word_1_306' title='bbox 644 2778 801 2830; x_wconf 75' lang='lat' dir='ltr'>credas</span> <span class='ocrx_word' id='word_1_307' title='bbox 824 2811 837 2836; x_wconf 88' lang='lat'>,</span> <span class='ocrx_word' id='word_1_308' title='bbox 875 2778 969 2844; x_wconf 74' lang='lat' dir='ltr'>quo</span> <span class='ocrx_word' id='word_1_309' title='bbox 997 2777 1127 2848; x_wconf 81' lang='lat' dir='ltr'>plura</span> <span class='ocrx_word' id='word_1_310' title='bbox 1158 2774 1356 2828; x_wconf 64' lang='lat' dir='ltr'>consiliis</span> <span class='ocrx_word' id='word_1_311' title='bbox 1376 2809 1389 2836; x_wconf 82' lang='lat'>,</span> <span class='ocrx_word' id='word_1_312' title='bbox 1426 2775 1566 2888; x_wconf 47' lang='lat' dir='ltr'>quam</span> 
     </span>
     <span class='ocr_line' id='line_1_40' title="bbox 789 2849 1526 2908; baseline -0.012 -10"><span class='ocrx_word' id='word_1_313' title='bbox 789 2849 838 2898; x_wconf 83' lang='lat' dir='ltr'>K</span> <span class='ocrx_word' id='word_1_314' title='bbox 874 2861 906 2908; x_wconf 74' lang='lat'>4</span> <span class='ocrx_word' id='word_1_315' title='bbox 1426 2853 1526 2890; x_wconf 76' lang='lat' dir='ltr'>teis</span> 
     </span>
    </p>
   </div>
  </div>
 </body>
</html>
