1781 3151
284 69 370 132 ²⁶
740 63 1317 154 Q(0)ffi{÷ffi

200 170 569 226 &antemuralia
591 169 792 238 impetit.
849 172 1009 224 Acrius
1039 171 1220 239 semper
1259 171 1380 224 saevit
1411 208 1425 233 ‚
1464 172 1516 224 δι
1552 175 1737 244 jugulo

199 243 445 302 imminet,
479 242 558 307 qui
592 238 777 292 fitecum
808 239 957 306 ipsum
986 244 1109 293 tollit
1150 260 1203 293 ac
1232 240 1518 310 sanguinem.
1599 246 1717 311 Agit

239 328 432 369 timum,
468 312 549 376 qui
582 310 723 361 literis
748 308 908 360 cives:
961 310 1057 378 agit
1090 308 1366 372 seeundum,
1402 311 1479 376 qui
1514 313 1716 375 Rempu·

201 331 375 430 {licam
400 379 580 431 civibus
617 375 799 444 spoliat.
880 379 1036 428 Hostis
1071 392 1260 445 uterque
1287 416 1300 440 ‚
1350 376 1401 427 ὃ(
1437 379 1716 444 Reipublicae
1749 426 1752 429 .

202 449 398 501 aemulus
418 486 431 511 ,
466 443 547 498 sed
579 444 864 496 manfiietior
897 447 973 496 ille
994 481 1006 504 ‚
1041 448 1148 512 quia
1185 446 1410 496 remotior
1447 466 1459 497 z
1510 447 1716 498 acerbior

205 515 320 576 iste,
355 517 460 582 quia
506 515 619 565 dum
660 515 850 564 intimus
882 531 895 565 :
945 511 998 564 ἃ
1033 514 1294 565 crudelitate
1327 511 1380 563 &
1419 514 1716 566 diuturnitate

205 585 318 636 mali
345 584 582 635 immitior.
647 583 831 634 Vulnus
861 582 1100 649 quodlibet
1127 583 1185 633 eb
1207 581 1305 632 fere
1339 581 1569 644 acerbius,
1617 584 1713 650 quo

205 651 481 704 diuturnius.
551 650 679 720 Quid
711 667 854 718 porro
903 648 1054 701 stutiri
1087 651 1221 718 posfit
1261 649 1408 701 acrius
1440 685 1453 710 ,
1508 669 1559 703 ac
1591 651 1717 717 quod

205 738 308 774 non
347 724 441 771 nisi
485 735 709 771 annorum
749 719 995 786 impendio
1018 757 1031 781 ,
1068 718 1165 769 imo
1200 716 1250 767 &
1294 717 1559 769 saeculorum
1595 722 1719 770 fluxu

205 787 510 855 compenses.
564 788 699 853 Rapit
726 788 884 855 calybs
908 785 1022 836 bora
1049 790 1138 838 una
1154 785 1383 853 myriades
1402 821 1415 846 ‚
1448 804 1543 839 non
1567 804 1722 838 tamen

204 857 324 909 ἰωή
346 858 518 924 pariter
535 859 628 906 un'a*
655 855 810 915 cives,
846 855 896 904 ut
919 852 1091 923 fungos
1118 855 1239 920 parit
1274 870 1444 906 natura.
1518 859 1577 905 At
1599 873 1722 906 acer·

201 925 319 977 bum
357 926 410 976 fit
434 925 639 991 quamvis
671 941 762 975 uno
803 937 957 975 carere
987 924 1243 975 munimine
1272 959 1285 983 ,
1329 922 1539 974 acerbius
1578 921 1721 991 longe

204 994 272 1045 est
296 994 500 1045 nominis
522 1010 611 1042 una
635 1010 686 1044 ac
714 992 873 1060 gloriae
900 991 1001 1055 post
1033 992 1124 1041 fata
1151 991 1287 1042 etiam
1319 990 1499 1041 vindice
1522 988 1720 1057 spoliari.

205 1065 361 1130 Quam
378 1062 686 1112 decumanum
709 1061 869 1111 Patriae
893 1062 1007 1110 luxit
1031 1063 1191 1110 vulnus
1214 1061 1397 1109 Latium
1421 1077 1563 1110 omne
1578 1097 1591 1121 ,
1614 1059 1722 1108 eum

207 1133 236 1181 Ξ
260 1129 533 1194 Vejcntibus
559 1130 637 1180 die
665 1146 762 1179 uno
800 1128 968 1179 Fabios
988 1129 1088 1179 tulit
1116 1128 1237 1178 fama
1274 1140 1561 1194 peremptos.
1633 1128 1722 1175 His

204 1199 330 1249 enim
358 1217 516 1249 verum
545 1197 654 1248 illud
679 1198 865 1249 Horatii
900 1194 1114 1263 semper:
1158 1197 1197 1246 Ο
1234 1193 1292 1248 Εἴ
1327 1197 1609 1261 prafidium,
1665 1191 1724 1245 δ’

187 1267 335 1325 ‚dulce
356 1269 484 1317 decus
501 1284 659 1317 meum·
688 1263 942 1330 Praefi'dium
969 1266 1152 1330 inquam
1170 1300 1183 1327 ,
1221 1279 1272 1314 ut
1295 1263 1385 1315 fine
1416 1264 1507 1314 hoc
1547 1264 1728 1331 procel·

206 1337 264 1387 1ae
290 1336 438 1386 cuivis
473 1337 565 1401 pila
584 1333 637 1384 fit
671 1332 954 1400 postliminio
987 1335 1149 1385 Patria.
1233 1332 1387 1382 Decus
1417 1350 1589 1396 porro,
1627 1344 1723 1396 quo

208 1403 420 1465 viduata,
455 1404 507 1453 fit
541 1403 685 1454 furori
719 1404 860 1454 cuivis
893 1400 1109 1453 ludibrio.
1186 1401 1336 1452 Nefas
1363 1415 1455 1451 erat
1487 1400 1721 1465 quondam

208 1473 379 1524 nmiEtu
407 1473 482 1526 vel
506 1473 634 1523 crine
659 1469 854 1538 spoliare
874 1506 886 1529 ,
923 1472 1095 1535 quanto
1117 1469 1264 1536 magis
1294 1470 1428 1520 cive?
1469 1471 1574 1535 Quo
1596 1469 1720 1517 enim

205 1543 343 1607 pat-sto
367 1542 559 1605 floreant
578 1553 695 1589 artes
717 1575 729 1598 ,
763 1540 967 1605 potentia
989 1572 1001 1597 ,
1033 1555 1147 1604 opes
1169 1539 1190 1587 ?
1226 1537 1315 1587 nisi
1338 1537 1504 1585 civium
1536 1537 1722 1586 affluxu.

206 1609 318 1662 Sine
339 1609 411 1660 his
449 1610 550 1675 quis
581 1606 779 1658 fundum
816 1607 1021 1665 excolat,
1073 1604 1322 1655 sementem
1371 1604 1502 1653 sulcis
1541 1604 1726 1663 credat,

209 1693 329 1729 artes
351 1677 579 1744 quaslibet
606 1674 873 1743 provebat?
909 1679 977 1725 At
1008 1674 1132 1735 esto,
1166 1674 1345 1736 jaceant
1381 1674 1559 1722 incultae
1592 1687 1723 1734 artes,

209 1747 336 1797 vivat
358 1745 504 1796 modo
541 1745 674 1795 Civis
715 1743 903 1804 Patriae,
938 1740 1022 1790 fibi
1048 1741 1263 1792 constans
1290 1776 1302 1799 ,
1353 1740 1518 1790 exteris
1553 1738 1725 1806 suppar

208 1813 366 1885 degit,
401 1812 454 1863 δι
486 1813 642 1865 cristas
673 1812 815 1863 tollit·
879 1810 1040 1861 Nocet
1065 1845 1078 1870 ,
1110 1809 1187 1876 qui
1226 1810 1375 1858 literas
1406 1807 1600 1868 adimit3
1645 1805 1725 1857 sed

207 1880 356 1934 decus
383 1883 603 1933 duntaxat
627 1881 781 1943 tollit,
816 1897 912 1930 non
946 1880 1099 1928 vitam.
1167 1879 1275 1928 Vita
1321 1875 1558 1926 bonorum
1600 1893 1733 1927 com·

208 1952 443 2021 pendium
469 1950 531 2001 cst
552 1985 569 2015 ,
607 1947 659 1999 &
687 1965 859 2000 corona
881 1987 894 2012 ,
930 1948 1024 1998 haec
1053 1945 1184 1997 Civis
1212 1943 1333 1996 solus
1358 1945 1435 1993 est.

446 2054 576 2115 pao
616 2051 743 2122 Eo,
789 2048 923 2137 Q¹
961 2047 1216 2108 LiTEms
1277 2048 1483 2107 Cives.

311 2164 378 2212 [ta
408 2161 640 2210 bonorum
676 2155 1013 2220 compendium
1042 2152 1091 2204 δε
1119 2171 1294 2205 corona
1327 2153 1388 2203 est
1410 2188 1422 2211 ,
1462 2151 1608 2202 fateor
1634 2182 1650 2208 ,
1694 2147 1727 2199 ss

348 2230 442 2279 vita
460 2228 525 2277 fit.
578 2232 638 2276 At
661 2222 833 2276 illudne
855 2227 942 2274 vita
977 2223 1258 2281 dicendum,
1297 2221 1425 2286 quod
1459 2219 1543 2270 esse
1571 2217 1725 2267 solum

212 2293 330 2348 dicit
361 2293 672 2360 Philosophus
691 2293 715 2342 ἲ
754 2290 866 2342 Non
893 2291 991 2340 haec
1020 2290 1226 2354 profesto
1253 2289 1396 2358 digna
1414 2288 1602 2338 homine
1637 2287 1728 2336 vita

213 2365 279 2417 est
300 2401 313 2426 ,
346 2367 435 2417 nisi
458 2364 592 2414 fuerit
612 2397 624 2421 ,
656 2359 787 2427 quod
831 2359 1027 2410 eundem
1063 2356 1282 2408 discernat
1315 2359 1338 2406 a
1365 2357 1522 2406 brutis.
1592 2355 1724 2403 Ratio

213 2432 336 2497 sola,
372 2433 422 2484 δι
450 2432 660 2482 excultus
676 2431 900 2478 literarum
925 2428 1075 2477 studio
1098 2425 1200 2475 usus
1230 2427 1314 2484 est,
1353 2427 1482 2490 quod
1515 2424 1725 2473 altiorem

215 2499 364 2552 brutis
385 2498 633 2552 constituit.
682 2500 751 2545 Ut
776 2495 940 2546 merito
967 2494 1217 2562 Mytilenaei
1250 2495 1384 2543 maris
1422 2492 1556 2556 potiti
1580 2493 1728 2553 impe·

215 2571 289 2621 fio
317 2609 329 2633 ,
365 2587 464 2620 non
490 2570 571 2617 alia
618 2563 818 2631 perfidos
858 2560 938 2613 sub
985 2565 1147 2630 jugum
1191 2560 1341 2610 missos
1384 2564 1511 2625 poena
1557 2558 1731 2624 dignos

218 2637 477 2688 censuerint
513 2671 524 2696 ,
572 2649 706 2699 atque
743 2632 828 2682 hfic
865 2667 877 2691 ,
930 2648 977 2682 ut
1017 2633 1244 2680 literarum
1285 2629 1421 2678 rudes
1474 2638 1730 2675 manerent.

218 2704 352 2772 Quali
377 2723 485 2755 vero
513 2720 640 2767 paena
667 2717 815 2752 morte
841 2701 938 2765 ipsa
975 2698 1205 2749 crudelior
1232 2697 1280 2746 fit
1308 2695 1580 2764 ignorantia.
1652 2696 1732 2743 Sa·

220 2775 399 2842 pientes
426 2773 696 2838 judicatum.
735 2769 812 2821 Sic,
836 2769 1073 2821 Cumanos
1103 2766 1330 2819 enervavit
1356 2770 1590 2831 quondam
1626 2761 1727 2812 Ari·

1577 2828 1669 2884 sto·
