1832 3151
589 90 1162 179 *QCUQQ
1467 109 1552 174 27

107 204 356 258 studemus.
448 202 580 273 Qfiss,
603 205 723 252 euim
759 220 857 254 non
894 205 1044 255 vincat
1088 203 1287 255 Patriam
1316 203 1450 256 facile
1479 242 1491 266 ‚
1530 222 1633 272 quae

109 273 312 326 confiliis
331 309 341 333 ,
361 273 522 328 cultu,
558 269 751 329 virtute,
800 288 940 320 nervo
966 288 1112 337 opum
1142 274 1332 323 caruerit
1358 274 1378 320 ἶ)
1416 273 1630 328 cat-ethis

113 342 328 405 omnibus
361 376 373 400 ‚
418 340 459 389 ¹3⁴
480 341 671 390 caruerit
695 339 855 389 literis.
939 338 1142 390 Confilia
1186 341 1361 405 cupis?
1402 342 1632 403 Solones,

113 411 356 471 Perricles,
391 405 734 472 Xe'nophontes
761 439 779 471 t
817 404 1189 466 Themistocles,
1227 424 1395 475 quanta
1427 410 1629 462 nomina!

111 493 281 542 quanta
312 476 476 526 robora
502 478 513 525 ἔ
547 474 661 524 Nou
690 474 816 523 aliter
849 489 1001 525 tamen
1031 510 1045 534 ,
1090 477 1232 541 quam
1265 478 1423 526 literis.
1494 481 1630 529 Mors

110 545 202 597 illis
234 565 318 610 per
338 543 419 594 has
450 543 604 608 sperni
633 542 793 602 doeh,
828 542 947 607 quali
969 544 1187 595 mortales
1213 562 1309 595 non
1334 545 1504 597 forent.
1558 549 1633 598 Da
1667 552 1673 558 ⁴
1737 579 1746 587 ·

110 613 205 663 fine
232 615 371 663 literis
396 627 558 678 pacem
578 646 590 669 ,
627 609 821 660 ruditate
849 609 898 659 ἃ
939 613 1121 662 incultis
1159 613 1328 662 artibus
1364 613 1630 682 rigentem;

111 681 432 733 confusionem
450 680 632 747 gignis,
669 679 749 744 qui
772 678 1117 732 multitudinem
1142 682 1223 730 otii
1243 698 1496 742 amntem,
1531 700 1633 735 non

109 764 205 802 tam
242 764 479 816 expertem
515 745 719 808 eonfilii,
759 749 896 811 quam
924 747 1234 814 impotentem
1270 749 1473 816 imperii.
1559 754 1633 801 Da

110 821 272 871 contr-Ei
310 815 520 868 infestam
545 815 654 865 belli
678 816 820 864 aleam
850 853 861 875 ,
915 817 1144 867 temeritas
1176 817 1282 866 duci
1313 818 1532 885 perinde,
1575 833 1632 868 ae

108 887 247 937 militi
279 888 362 936 erit
382 883 661 950 domestica,
698 883 800 949 quia
827 881 922 933 fine
952 884 1272 949 providentia3
1311 886 1432 936 unde
1461 888 1633 936 certior

108 957 254 1004 ruina.
306 955 516 1003 Nervum
546 952 736 1001 demum
765 952 930 1017 cupis?
967 951 1186 1003 fundatur
1209 953 1290 1003 iste
1316 956 1626 1006 commerciis.

111 1022 192 1073 Sic
212 1023 325 1081 Ubi;
338 1020 564 1086 sapienter
581 1021 813 1070 neminem
831 1018 1014 1070 suorum
1027 1023 1321 1072 commerciis
1340 1021 1478 1074 ssvere
1501 1022 1631 1073 addi·

107 1091 153 1142 ci
175 1127 188 1151 ,
225 1091 302 1157 qui
328 1091 418 1140 latii
446 1087 696 1147 sermonis,
732 1106 822 1154 quo
847 1090 1006 1137 orbem
1043 1090 1220 1140 emetiri
1248 1091 1421 1155 posset,
1458 1108 1629 1159 gnarus

108 1158 322 1226 apprime*
350 1176 447 1209 non
481 1154 637 1207 filet-it.
708 1160 767 1206 Et
792 1156 903 1220 quid
933 1157 1188 1207 eorundem
1206 1157 1264 1209 sic
1293 1163 1504 1223 provexit
1535 1159 1628 1210 for-

108 1241 269 1288 tunas,
307 1241 440 1291 atque
473 1225 570 1275 hoc
608 1223 761 1292 ipsum
793 1223 969 1289 sapiens
1004 1226 1062 1275 de
1093 1223 1313 1290 sapientia
1345 1228 1583 1278 consilium
1605 1228 1629 1277 ἓ

109 1295 213 1346 Ῑῐηὸ
246 1295 354 1344 vero
381 1295 483 1360 quis
508 1312 604 1343 non
631 1296 782 1344 vincat
817 1293 1167 1359 Rempublicam
1191 1330 1203 1356 ,
1252 1313 1347 1358 quae
1382 1296 1538 1347 vivens
1562 1298 1627 1346 vi·

109 1367 156 1414 ῐῖι
185 1365 279 1425 jam
315 1364 481 1413 caret?
520 1361 632 1412 Non
660 1363 770 1412 vivit
799 1362 959 1421 Civis,
1005 1364 1117 1428 qui,
1167 1362 1281 1428 quid
1317 1362 1623 1429 hodiernum,

104 1445 181 1482 aut
202 1431 472 1491 crastinum,
511 1430 705 1479 vixdum
735 1430 892 1486 novit3
932 1445 1027 1479 tam
1053 1431 1192 1480 futuri
1224 1431 1450 1491 incuriuS,
1488 1435 1630 1499 quam

103 1500 293 1568 ignarus
312 1497 551 1562 praeteriti3
588 1513 832 1562 utrumque
873 1495 970 1546 solo
999 1499 1233 1548 literarum
1266 1498 1462 1549 defec'tu.
1558 1504 1629 1552 Ut

104 1566 274 1618 merito
311 1570 548 1617 Romanus
588 1565 764 1630 sapiens
802 1579 1006 1614 mortem
1034 1601 1046 1625 ,
1098 1563 1149 1615 &
1187 1566 1278 1618 vivi
1307 1565 1524 1617 hominis
1561 1567 1630 1621 se·

104 1637 336 1701 pulturam
365 1675 375 1697 ,
412 1635 550 1685 vitam
576 1632 670 1684 fine
700 1633 842 1682 literis
877 1631 1054 1683 dixerit.
1118 1634 1222 1683 Imb
1263 1636 1371 1684 vero
1403 1639 1628 1687 Aristote·

104 1705 172 1754 les
196 1703 318 1752 doffl
350 1702 405 1751 ab
439 1701 630 1752 indosto
673 1700 975 1751 differentiam
1009 1718 1112 1752 non
1137 1704 1269 1752 aliam
1308 1703 1531 1766 statuerit,
1571 1723 1626 1759 ae
1673 1722 1676 1726 ·

103 1773 195 1824 vivi
226 1788 250 1818 a
278 1786 479 1819 mortuo.
543 1767 671 1820 Novi
704 1769 891 1835 quidem
920 1808 931 1832 ‚
979 1771 1143 1820 melius
1179 1772 1506 1821 nonnullorum
1528 1771 1627 1823 scn-

104 1841 244 1889 tentii
272 1839 358 1889 effe
376 1836 656 1902 Reipublicae
686 1873 697 1894 ,
735 1835 909 1888 tametsi
934 1836 1075 1889 literis
1101 1856 1199 1890 non
1225 1839 1444 1898 excultae,
1484 1843 1624 1905 quam

104 1909 275 1957 civium
312 1906 530 1957 destituta·
566 1903 771 1970 praefidio
810 1903 994 1971 prorsus
1034 1924 1132 1957 non
1182 1907 1288 1957 effe.
1374 1904 1626 1960 Praesert'im

103 1975 234 2041 quod
273 1971 480 2042 speciosa
514 1974 725 2040 quaedam
772 1973 916 2024 videri
956 1975 1093 2040 possit
1135 1973 1345 2026 socordia
1392 1976 1625 2027 literarum

104 2046 243 2107 quies.
317 2049 383 2094 At
397 2044 577 2094 Arcade
596 2041 713 2091 hanc
740 2058 909 2092 vocem
929 2039 1192 2110 digniorem
1222 2044 1399 2095 censuit
1418 2045 1626 2110 Alphon·

102 2111 181 2162 sus
206 2111 446 2177 quondam
474 2145 488 2170 ‚
522 2111 662 2175 quam
685 2109 895 2162 homine.
982 2110 1107 2162 Nam
1135 2112 1212 2176 qui
1236 2129 1342 2161 cum
1374 2111 1550 2162 Licinio
1569 2113 1621 2164 ἃ

103 2181 379 2230 Domitiano
412 2179 642 2229 literarum
674 2179 844 2228 cultum
885 2177 1060 2245 spernit
1085 2197 1178 2246 prae
1200 2180 1369 2230 civium
1392 2178 1586 2231 numero
1607 2216 1624 2242 ‚

107 2246 168 2297 eo
199 2248 410 2313 Reipubl.
449 2248 641 2298 nocivus
678 2245 741 2297 est
769 2248 917 2315 magis
959 2281 972 2306 ‚
1018 2249 1142 2313 quod
1173 2248 1371 2299 Ladislai
1402 2250 1623 2317 Ungariae

103 2316 244 2384 Regis
265 2317 289 2364 ἐ
315 2329 473 2366 mente
514 2314 762 2364 belluarum
804 2317 930 2366 malit
961 2316 1337 2381 Rempublieam‚
1373 2319 1509 2381 quam
1534 2318 1624 2368 ho·

104 2383 316 2444 minum,
355 2381 435 2433 effi
461 2399 746 2448 paucorum3
783 2398 835 2434 ut
871 2384 979 2435 etim
1023 2383 1233 2450 ignorare
1271 2386 1421 2436 literas
1460 2386 1624 2436 debeat

104 2468 274 2510 nemo,
312 2452 399 2502 nisi
431 2450 621 2501 homine
669 2452 839 2502 minor.
917 2454 1078 2504 Paucis
1120 2453 1317 2521 gaudeat
1343 2451 1625 2518 Respublica

103 2518 326 2578 Civibus,
358 2520 429 2570 his
454 2533 610 2570 tamen
634 2518 869 2571 literarum
912 2519 1069 2571 studio
1104 2522 1237 2573 cultis
1267 2560 1280 2584 ,
1335 2520 1530 2571 exulabit
1574 2523 1623 2573 in

104 2585 369 2638 discrimine
393 2586 729 2653 pusillanimitas
761 2623 775 2647 ,
830 2587 1057 2639 fortitudo
1087 2589 1371 2654 propulsabit
1402 2587 1586 2641 adversa
1605 2625 1620 2650 .

103 2656 358 2706 constantia
390 2655 603 2706 retundet
638 2653 834 2705 assultus.
905 2654 1121 2708 Membra
1152 2659 1299 2717 tollit,
1338 2658 1415 2723 qui
1461 2657 1621 2722 Cives,

103 2721 361 2785 fateor-:exat
391 2723 592 2773 radicem
630 2720 682 2772 &
709 2726 910 2775 animam
945 2723 1066 2790 petit
1096 2760 1106 2783 ,
1141 2725 1218 2789 qui
1257 2727 1408 2776 literas
1441 2725 1617 2787 adimit,

99 2789 151 2839 fit
176 2793 200 2840 ὲ
220 2792 386 2859 quibus
411 2791 543 2861 vigor
569 2805 687 2860 pace
709 2828 723 2855 ,
754 2810 807 2844 ac
841 2792 997 2844 bella«
1052 2793 1281 2846 Divinum
1311 2795 1617 2911 legeloracu·

970 2885 973 2891 ’
1420 2878 1548 2913 -umz
