1832 3151
526 90 1107 179 &cwffl
1469 107 1512 170 9

59 194 233 247 sublata
257 197 390 247 causa
414 197 617 260 erumpit
642 197 908 260 procellam.
978 199 1115 247 Fraus
1146 192 1297 244 fraudi
1316 195 1474 261 paffim
1493 196 1597 246 red-

59 264 211 323 ditur,
235 265 350 316 dum
380 263 582 315 vindicta
608 263 666 313 ab
694 263 898 314 invalido
936 264 984 314 in
1014 283 1116 314 eum
1133 300 1145 322 ‚
1177 281 1318 329 quem
1354 263 1464 314 fidei
1491 264 1599 314 laefae

60 336 199 382 causa
224 331 515 387 contemnit,
541 349 639 382 non
672 331 876 382 aufertur
895 368 908 385 ,
939 331 1017 382 sed
1054 332 1280 384 differtur.
1355 333 1507 384 Exosa
1535 334 1600 384 est

55 392 195 443 infida
227 392 507 443 familiaritas
532 388 782 456 aequalibus
802 428 814 451 ,
851 388 912 441 ne
936 390 1146 440 fallantur
1161 408 1178 449 3
1217 391 1470 454 majoribus
1492 429 1504 452 ‚
1538 396 1600 445 ne

55 460 252 527 probare
277 461 530 511 videantur.
601 458 738 508 Stetit
768 459 928 507 Romae
950 461 1125 528 gloria,
1156 458 1313 510 donec
1337 458 1465 512 fides.
1506 462 1604 514 Ce-

49 528 194 589 cidit,
221 527 302 578 ubi
325 530 404 578 illa
428 527 652 594 elanguit.
717 527 995 595 Ingenium,
1026 528 1282 585 cautelam,
1316 528 1368 578 ἃ
1394 531 1600 594 pruden-

54 598 162 649 tiam
191 611 357 664 petunt
397 614 571 662 opera,
598 609 760 646 natura
784 595 924 646 docet
956 594 1144 648 fraudes
1170 596 1430 647 verborum.
1497 604 1598 650 Un-

57 666 119 716 de
151 665 439 730 frequentior
459 663 708 714 verborum
734 662 992 725 simulatio,
1028 668 1168 731 quam
1191 682 1404 732 operum.
1477 670 1601 718 Poli·

58 735 173 787 ticii
212 735 304 783 itur
331 733 541 802 germani
572 732 663 792 est,
703 730 800 783 fide
831 732 1135 786 diffidentiam
1154 771 1166 793 ,
1190 736 1475 802 ingenuitate
1501 736 1598 787 sola

52 755 241 855 fraudges
269 805 454 854 vincere
481 822 495 861 3
533 802 695 851 Fidem
724 800 807 851 tibi
836 804 1052 853 omnium
1079 820 1129 855 ut
1158 803 1341 870 obliges
1359 843 1372 866 ,
1425 804 1601 856 servare

53 871 252 933 finquvs.
325 874 452 923 Nam
474 871 601 920 bona
622 867 722 937 ipsa
754 871 930 935 publici
962 872 1104 922 statiis
1137 872 1371 936 culpanda
1399 870 1529 935 sunt,
1566 874 1600 926 fi

58 932 179 993 mila
208 955 339 1007 parta
373 941 457 991 sint
477 939 587 989 fide.
656 941 768 989 Haec
789 939 866 989 illa
895 941 1038 991 latens
1070 941 1135 991 est
1155 940 1294 1006 pestis
1312 982 1323 1004 ,
1351 960 1452 1008 quae
1482 944 1598 995 dum

56 1011 306 1063 medullam
328 1009 615 1077 depascitur,
641 1005 784 1057 succo
807 1008 997 1073 stirpem
1025 1007 1076 1059 ἃ
1095 1014 1186 1059 vita
1215 1008 1395 1074 spoliat.
1465 1014 1598 1063 Dum

63 1080 161 1146 pari
201 1078 421 1130 facilitate
439 1118 451 1142 ,
498 1079 589 1142 qua
613 1089 746 1140 parta
767 1074 876 1126 sunt
910 1077 1042 1127 bona
1060 1117 1074 1141 ‚
1119 1080 1211 1128 una
1235 1078 1287 1128 &
1328 1079 1599 1134 infelicitate

64 1149 338 1216 perduntur.
411 1147 565 1212 quue
590 1161 738 1194 unum
773 1142 854 1195 seu
880 1144 1058 1195 doloris
1081 1148 1293 1213 proprii,
1324 1146 1400 1199 seu
1440 1152 1599 1200 alienae

55 1217 360 1269 miserationis
400 1214 538 1266 faenus
573 1213 801 1278 superest,
821 1213 950 1280 quod
977 1212 1028 1263 &
1059 1216 1235 1267 vulneri
1260 1230 1341 1266 tuo
1364 1219 1597 1271 medelam

55 1287 206 1346 ferre,
246 1286 353 1336 cum
380 1284 523 1347 velis,
553 1301 651 1334 non
676 1283 815 1347 poffis
843 1282 970 1350 ipse3
999 1281 1050 1332 ἃ
1091 1285 1350 1336 mendaciis
1381 1289 1469 1336 tuis
1497 1305 1600 1340 exa-

142 1353 310 1422 sperati
332 1353 577 1421 plerique,
623 1353 740 1401 dum
758 1353 897 1404 alieni
919 1349 1016 1403 fere
1043 1350 1315 1407 miserentur
1339 1355 1492 1418 exitii,

605 1420 893 1489 triumphent
929 1434 1035 1476 tuo.

700 2865 751 2926 A
798 2891 821 2935 ς
1376 2870 1427 2933 §0
1442 2870 1504 2925 11.
