1832 3151
541 97 1117 186 ἓὲἒέἒωὴῇἒὲ
1429 124 1503 188 31

44 205 205 265 stitzae,
232 217 287 257 ut
319 204 432 255 nulli
464 205 569 269 quis
596 221 791 270 noceat,
819 208 911 258 nisi
945 208 1111 269 injuria
1141 207 1384 261 ,laceffitua
1486 210 1589 264 Cos

45 276 168 326 ferro
200 273 361 323 durius
391 270 546 321 saxum
583 288 726 324 attere
746 312 759 337 ,
791 276 899 326 cum
924 274 981 326 ab
1011 275 1178 326 eodem
1199 276 1455 343 impeteris.
1508 283 1590 333 Ne

45 344 131 394 tibi
162 341 243 407 ipfi
266 341 452 403 iniurius
488 342 726 406 puriorem
757 345 948 411 pectore
984 344 1218 394 flammam
1240 351 1589 414 comprimens,

41 411 95 462 &
122 410 280 462 orbem
305 411 524 473 exemplo
560 410 806 472 destituas,
836 411 887 462 ἃ
908 412 1262 464 diffimulatione
1299 419 1447 471 multa
1480 437 1591 471 con·

42 495 190 531 tortos
212 475 394 541 spiritus
423 477 472 528 in
500 477 724 547 phlegma
759 480 1061 547 detorqueas.
1132 480 1327 533 Cautela
1358 486 1500 537 nimia
1537 490 1588 540 in

41 562 265 598 terrorem
293 581 306 605 ,
354 559 493 611 atque
530 547 650 597 adeo
692 552 837 601 virtus
880 547 996 616 saepe
1024 551 1074 600 in
1108 550 1274 602 vitium
1312 552 1581 622 degenerat.

37 615 134 666 Sed
163 613 215 664 ὃ(
242 616 381 678 j0cus
414 614 476 664 est
503 617 677 668 zemulis
721 620 923 685 elinguis
952 617 1123 675 virtus3
1152 617 1269 668 dum
1308 638 1452 672 nemo
1484 643 1585 677 non

36 696 183 734 tentat
214 682 410 746 rodere,
458 685 482 731 a
513 701 610 749 quo
650 685 801 736 vicem
828 686 983 736 dentis
1008 703 1103 735 non
1136 689 1314 739 metuit.
1387 691 1589 747 Virtutis

35 766 161 801 metu
190 749 322 801 suum
346 753 530 802 metitur
554 751 701 802 robur
728 754 873 814 livor,
900 752 953 804 &
980 752 1213 804 insolescit
1237 756 1427 808 victoria
1443 799 1454 823 ‚
1483 779 1585 814 nou

37 821 130 883 jam
164 819 384 881 occulte,
413 818 496 870 sed
520 822 624 872 luce
649 823 803 888 palam
840 824 1016 875 audens
1038 836 1278 889 proterere
1309 823 1391 876 sub
1426 830 1583 881 vulne·

29 905 82 942 re
115 888 442 955 trepidantem.

549 981 1067 1052 Gauranum.

34 1087 295 1199 PEriculi
325 1089 461 1155 plena
486 1105 586 1151 res,
620 1088 802 1138 invidiae
821 1089 973 1154 palam
996 1087 1248 1155 congredi.
1317 1085 1452 1140 Cede
1469 1122 1485 1150 ‚
1514 1087 1584 1140 fa·

153 1157 314 1218 cilius,
356 1157 450 1206 imo
476 1157 526 1206 ὃ(
554 1157 736 1207 felicius
762 1156 942 1207 viceris.
1013 1156 1181 1207 Acrior
1213 1155 1364 1206 cietur
1402 1172 1580 1225 tempe-

31 1225 147 1285 stas,
177 1225 290 1274 dum
325 1224 481 1276 nubila
505 1225 798 1292 diffipantur‚
830 1225 937 1291 quia
971 1226 1200 1293 aggeratis
1230 1223 1403 1275 viribus
1429 1242 1584 1296 regre-

34 1294 238 1344 diuntur.
306 1298 360 1345 In
389 1309 434 1345 te
464 1295 659 1344 liventes
694 1311 872 1358 armas,
916 1291 967 1343 &
993 1291 1161 1360 quibus
1184 1292 1404 1344 haetenus
1436 1294 1583 1345 fortu-

35 1380 105 1413 nae
140 1361 270 1412 favor
301 1364 494 1432 ignotus
516 1362 693 1423 fuerat,
727 1365 774 1412 in
806 1377 853 1413 te
873 1363 1106 1422 concitas,
1142 1376 1197 1411 ut
1232 1362 1478 1413 crabrones
1495 1363 1584 1414 ho·

29 1430 83 1482 sti
109 1429 283 1480 foedera
320 1430 622 1496 paciscantur.
696 1437 810 1501 Qae
836 1431 1073 1481 temeritas
1090 1467 1103 1488 ,
1136 1448 1224 1481 oro
1241 1469 1256 1494 ,
1292 1448 1425 1480 ruere
1462 1433 1507 1483 in
1533 1450 1578 1482 a·

30 1513 216 1567 pertum
249 1499 430 1551 hostem
451 1534 465 1560 ‚
502 1500 623 1551 ciere
655 1500 742 1551 tibi
780 1499 860 1566 ipsi
894 1498 1123 1550 exitium?
1156 1497 1218 1549 {ic
1248 1516 1361 1566 apes
1396 1497 1441 1550 se
1474 1519 1580 1566 per·

31 1570 142 1619 dere
178 1569 361 1630 volunt,
388 1571 496 1621 cum
531 1583 711 1620 tentant
733 1570 964 1621 lacessere.
1030 1570 1207 1636 Regula
1232 1569 1451 1634 princeps
1476 1569 1580 1620 Bel·

27 1637 260 1688 liducum:
294 1642 348 1689 n&
378 1638 493 1708 quid
516 1641 656 1688 nimis
686 1638 920 1690 nudauer.
976 1635 1190 1688 ‘Animus
1214 1653 1312 1687 non
1336 1636 1466 1697 desit,
1489 1637 1579 1687 vir-

31 1719 106 1755 tus
140 1706 461 1776 stratagemate
493 1708 649 1758 vincat
679 1703 872 1772 saepius3
904 1704 1090 1755 consili&
1122 1704 1312 1762 fortior,
1339 1706 1477 1770 quam
1517 1705 1578 1755 vi.

27 1775 297 1840 Tranquilla
327 1775 422 1827 fere.
449 1793 668 1846 germana
691 1776 756 1827 est
789 1776 959 1831 virtus,
1000 1773 1173 1842 gaudet
1201 1773 1410 1832 vistoria,
1434 1791 1578 1839 quam

29 1844 178 1894 natale
208 1857 454 1911 extorquet
494 1844 710 1894 meritum
730 1878 743 1905 ‚
774 1861 869 1894 non
895 1856 1112 1892 cruentus
1138 1840 1318 1911 gladius
1338 1841 1578 1894 Castrioti.

29 1914 123 1962 Pax
176 1912 424 1973 virtutem,
464 1914 534 1963 vis
567 1911 779 1962 furorem
822 1910 957 1977 stipat
987 1909 1186 1961 satelles,
1256 1910 1392 1977 Jovis
1428 1911 1582 1977 aquila

30 1981 118 2029 tela
141 1993 327 2044 torquet
364 1981 627 2036 iwaernttlos
644 2020 656 2043 ‚
688 1979 882 2029 struthio
911 1978 1075 2028 eadem
1094 1980 1362 2045 concoquit.
1431 1983 1578 2030 Gran·

30 2047 107 2096 dia
141 2049 315 2097 fortem
361 2048 548 2099 decent.
630 2049 788 2106 Absit,
824 2047 1017 2096 urticam
1050 2048 1248 2098 aemulari
1276 2048 1414 2110 velit,
1450 2048 1578 2114 quis·

27 2115 133 2178 quis
158 2114 287 2166 fortis
318 2122 499 2167 nome‘n
527 2115 609 2166 fibi
636 2114 870 2182 deposcit,
900 2114 1011 2164 dum
1036 2116 1274 2184 tangitur,
1310 2115 1503 2175 laedere,
1526 2115 1580 2166 δί

28 2182 169 2233 ferire
200 2184 425 2252 gaudens.
515 2185 800 2252 Stratagema
836 2185 1028 2250 plenum
1067 2184 1244 2251 ingenii
1282 2184 1431 2233 habe:
1465 2185 1580 2234 cede

27 2248 275 2318 tantisper,
308 2253 446 2303 etiam
471 2253 639 2320 impari
654 2273 668 2314 3
694 2255 871 2302 laurum
897 2251 1088 2315 referes,
1111 2253 1222 2303 dum
1255 2251 1447 2301 herbam
1467 2271 1578 2320 por·

31 2319 193 2370 rexisse
218 2320 436 2373 crederiS.
525 2323 667 2390 Quod
700 2321 767 2370 sol
793 2321 921 2372 Caelo
940 2361 952 2383 ‚
989 2323 1135 2371 virtus
1164 2318 1432 2371 mortalibus
1469 2321 1533 2372 est
1562 2341 1578 2380 ;

29 2386 191 2439 sculim
222 2391 396 2455 rumpit
425 2390 672 2454 nebulam,
715 2388 826 2438 dum
869 2391 1062 2456 plenum
1097 2387 1280 2456 spargat
1315 2389 1575 2440 meridiem.

30 2456 192 2525 Signat
225 2457 272 2507 in
300 2457 560 2526 horologio
601 2459 736 2509 horas
775 2454 828 2506 &
863 2471 1074 2523 tempora
1109 2494 1120 2516 ,
1159 2457 1255 2509 non
1292 2456 1436 2507 officit
1473 2476 1574 2508 um-

29 2522 140 2585 bra3
174 2526 321 2595 signat
354 2528 567 2577 virtutem
602 2527 803 2588 invidia,
837 2523 890 2575 &
926 2526 975 2576 ut
1011 2526 1321 2595 horologium
1344 2563 1355 2583 ,
1389 2525 1444 2575 fic
1482 2526 1572 2578 vir·

29 2605 104 2644 tus
126 2598 249 2662 regit
276 2596 506 2662 exemplo.
580 2596 842 2662 Nunquam
865 2593 943 2660 qui
972 2595 1113 2655 jacet,
1144 2596 1356 2645 aemulum
1388 2594 1571 2660 patitur.

29 2659 218 2712 Certior
248 2664 584 2734 magnitudinis
616 2665 736 2715 nulla
767 2664 829 2713 est
857 2663 1041 2722 tessera,
1069 2664 1208 2730 quam
1237 2662 1497 2727 trophaeum
1519 2663 1572 2713 li-

31 2732 167 2782 voris.
235 2735 305 2782 Ut
325 2736 493 2784 certior
520 2736 642 2784 nulla
672 2730 920 2783 imbecillis
948 2732 1012 2781 est
1031 2733 1183 2794 oculi,
1210 2729 1410 2796 quarmfi
1431 2747 1572 2793 quem

29 2795 142 2850 solis
179 2799 449 2871 assurgentis
479 2801 611 2854 feriat
643 2800 814 2854 radius.
885 2803 1058 2854 Tortor
1096 2799 1192 2868 ipse
1224 2798 1296 2851 sui
1333 2800 1397 2850 est
1429 2799 1568 2916 ἕνον.

1481 2880 1500 2916 t
