1781 3151
529 90 672 179 53}ss
715 95 747 172 (
792 108 837 153 0
882 92 914 171 )
962 86 1106 176 &3433
1424 111 1502 176 ας

256 217 761 334 Qmsno
856 242 1396 322 POLITICA.

79 394 212 464 Uter
240 394 399 479 bostis
417 398 774 482 perniciosior
800 444 821 475 ,
880 401 983 487 qui
1019 395 1447 482 Rempublicam
1503 406 1584 469 ci.

222 489 353 542 vibus
378 532 392 555 ‚
427 509 488 542 an
514 496 594 560 qui
624 495 870 544 literarum
885 493 1037 560 studio
1075 495 1195 543 cives
1208 491 1382 557 spoliat
1399 498 1427 546 ἒ

65 625 196 689 Ριω
219 646 323 702 130,
363 650 476 710 Qu
495 632 951 694 REMPuBLtcAM
978 633 1247 696 C1v113us
1281 635 1581 700 Sroma'r.

240 747 416 797 Embra
445 749 638 816 corpori
678 748 866 812 adime,
904 747 956 798 &
989 748 1257 819 giganteam
1279 749 1427 802 humo
1474 767 1589 803 mo·

66 750 238 914 M
275 817 367 866 lem
395 817 567 868 allides.
637 816 914 884 Respublica
939 833 1110 882 corpus
1151 817 1325 887 grande
1349 821 1417 871 est
1436 856 1450 881 ‚
1474 821 1591 874 civis

277 885 483 937 membra
511 886 740 949 ejusdem.
807 886 854 936 Si
889 885 1186 954 Philosophia
1227 885 1343 938 fides
1381 888 1476 949 fit3
1517 886 1587 941 fit·

64 957 154 1006 mit
180 954 312 1007 arbor
339 955 362 1001 a
392 953 543 1004 radice
565 953 749 1004 succum
766 986 781 1011 ,
818 952 871 1003 ἃ
896 955 1034 1004 ramis
1064 954 1226 1004 tribuit
1254 973 1267 1015 3
1317 970 1363 1007 at
1392 954 1588 1023 depura-

61 1036 165 1073 tum
194 1061 207 1086 ‚
240 1023 345 1088 quia
376 1023 620 1071 excoehtm
655 1022 805 1090 magis
833 1023 997 1088 recipit
1030 1022 1087 1073 ab
1121 1023 1307 1073 iisdem.
1424 1025 1590 1075 Succi-

61 1092 118 1144 fis
149 1090 352 1158 proinde
386 1090 525 1152 ramis
549 1091 767 1141 omnibus
789 1090 914 1139 mori
946 1091 1153 1155 plantam
1189 1088 1417 1144 usuvenit.
1514 1095 1589 1148 En

65 1174 233 1229 typum
272 1156 556 1224 Reipublicae
581 1193 595 1218 ,
625 1176 679 1209 ae
709 1159 877 1209 civium
904 1174 918 1218 ;
955 1157 1027 1210 his
1066 1158 1231 1210 nititur
1254 1198 1267 1222 ,
1326 1159 1399 1212 his
1442 1159 1587 1213 strva·

61 1243 152 1280 tur.
207 1226 285 1280 Ab
315 1226 409 1276 hoc
436 1225 571 1276 fonte
592 1227 735 1277 robur
762 1227 886 1277 illius
907 1260 920 1285 ,
959 1225 1016 1276 ab
1051 1225 1127 1277 his
1159 1225 1286 1278 fibris
1321 1229 1487 1297 vigor,
1532 1228 1587 1281 &

62 1295 265 1362 spiritus.
349 1292 457 1361 Ipso
483 1297 613 1347 vocis
638 1300 837 1362 Etymo,
878 1294 987 1361 quid
1011 1308 1146 1346 notet
1174 1294 1453 1362 Respublica
1475 1334 1487 1357 ,
1519 1299 1588 1349 vi·

61 1365 151 1416 de:
188 1364 378 1416 Civium
413 1363 476 1413 est
504 1363 790 1414 communio,
835 1363 1008 1413 Ablato
1038 1362 1184 1416 corde
1216 1403 1228 1425 ‚
1264 1364 1589 1433 quid'ffiper'e·

59 1433 120 1485 rit
147 1434 168 1482 ?
207 1433 298 1483 nisi
332 1429 476 1497 ipsam
505 1432 530 1480 a
560 1430 706 1498 seipsa
729 1431 841 1484 velis
863 1431 1087 1482 dividere.
1155 1434 1408 1499 Exemplar
1441 1452 1589 1501 quon·

45 1501 171 1555 ,clam
198 1501 249 1551 <St
271 1500 414 1551 decus
446 1498 904 1566 Rerumpublicarum
933 1498 1128 1551 fortium
1160 1501 1323 1565 Sparta
1346 1533 1363 1562 ,
1408 1505 1587 1554 aeterni·

38 1565 146 1619 ‘lati
164 1568 210 1619 se
232 1567 510 1632 transm-ipsit
538 1567 587 1618 in
617 1565 864 1636 Cynegiro
891 1581 1025 1631 atque
1053 1567 1282 1619 Leonida.
1359 1571 1586 1624 Meritum

40 1638 156 1689 ‚hoe
184 1638 341 1706 gloriae
361 1636 508 1686 virtus
533 1636 705 1686 civium
738 1635 903 1702 genuit
937 1635 1115 1685 Patriae.
1210 1641 1276 1689 At
1321 1656 1414 1704 quo
1444 1640 1584 1705 passo

55 1704 187 1771 stetit
205 1720 274 1756 tot
302 1706 420 1756 inter
448 1705 638 1754 aemulos
658 1742 670 1766 ‚
704 1715 777 1752 tot
801 1716 955 1753 tamen
975 1704 1141 1757 laureis
1166 1703 1331 1757 dives?
1366 1707 1584 1759 maenium

60 1775 316 1836 vicelcivis
362 1771 556 1838 quilibet
595 1771 756 1821 fuerat.
828 1772 973 1821 Tolle
1006 1772 1209 1838 praesidio
1254 1778 1453 1834 maenia,
1489 1776 1590 1842 pal-

60 1857 189 1893 mam
221 1841 388 1900 habes,
426 1841 609 1906 quoties
645 1839 828 1889 libuerit
853 1838 1140 1908 vestigalem.
1211 1841 1356 1893 sensu
1398 1847 1546 1895 Roma
1575 1873 1590 1906 ,-

62 1911 173 1962 eum
203 1910 304 1976 post
330 1907 625 1960 Cannensem
658 1907 838 1958 cladem
869 1907 1042 1958 domus
1065 1910 1186 1975 pene
1214 1912 1338 1962 nulla
1365 1911 1486 1963 Urbi
1512 1912 1582 1964 sit-

61 1992 244 2046 pererat
264 2013 278 2038 ,
332 1989 473 2043 quam
509 1976 693 2027 viduam
722 1974 959 2043 Quiritum
991 1975 1216 2046 sanguine
1246 1997 1346 2032 non
1367 1979 1583 2034 luxissent

62 2049 259 2098 Matres·
304 2045 520 2097 ⁸Sublato
551 2047 745 2096 Romani
767 2042 1000 2111 sanguinis
1030 2047 1171 2109 flore,
1209 2047 1262 2099 &
1295 2048 1485 2100 Civium
1516 2053 1578 2100 le·

64 2115 260 2164 &iffimd
289 2131 510 2173 numero,
551 2113 664 2180 quid
696 2111 776 2162 nisi
795 2112 917 2177 pene
942 2129 1057 2163 urna
1076 2110 1347 2179 supererat?
1384 2116 1525 2187 de
1546 2116 1580 2169 fi

61 2195 164 2234 tum
185 2182 427 2234 confestim
457 2200 543 2249 pro
577 2181 727 2233 Portis
746 2181 885 2232 castra
908 2180 1078 2233 ‘fixiffiet
1112 2184 1376 2247 Hannibal,
1412 2189 1580 2237 Roma·

65 2268 138 2301 nae
163 2252 352 2318 vespillo
377 2252 536 2320 gloriae
566 2249 618 2302 in
654 2248 892 2314 Capitolio
925 2249 1244 2317 triumphasset
1269 2286 1284 2314 ‚
1311 2253 1581 2320 *Romaeciue

66 2318 403 2388 Carthaginem
433 2317 663 2369 intulisset.
734 2318 836 2370 Pari
858 2316 980 2368 sorte
1006 2318 1201 2372 nutabat
1241 2320 1405 2372 eadem
1449 2323 1583 2373 orbis

63 2387 281 2438 Domina
319 2387 446 2454 prius
464 2426 476 2450 ,
511 2388 620 2437 cum
644 2385 790 2439 virtus
818 2387 993 2436 Gallica
1018 2388 1228 2449 ejusdem
1260 2387 1434 2441 viscera
1459 2390 1585 2442 seru-

62 2468 238 2507 taretur
264 2490 277 2515 ,
321 2456 646 2522 Roman6sque
691 2453 775 2505 sub
803 2455 969 2523 jugum
1014 2455 1137 2507 mitti
1171 2457 1299 2523 poss‘e
1327 2457 1586 2524 docuisset,

63 2525 160 2574 nisi
184 2525 433 2590 Tarpejam
458 2542 622 2591 rupem
644 2558 657 2583 ‚
692 2522 744 2573 &
771 2525 963 2574 Patriam
988 2525 1194 2577 Manlius
1226 2524 1448 2578 servasset.
1493 2530 1585 2594 Re·

64 2607 233 2646 novata
265 2609 434 2660 nempe
462 2589 567 2643 sunt
595 2592 806 2650 vulnera,
841 2608 940 2657 quae
975 2593 1212 2658 quondam
1241 2593 1375 2647 sensit
1407 2598 1585 2649 Graecia

65 2660 117 2710 in
150 2661 275 2712 eaede
307 2661 533 2725 manipuli
562 2678 576 2720 3
609 2662 686 2727 qui
711 2679 793 2725 par
820 2675 913 2710 erat
949 2663 1209 2723 Exercitui,'
1262 2663 1488 2714 Persidem
1529 2682 1582 2716 o·

67 2747 226 2779 mnem
259 2726 344 2779 sub
376 2732 532 2781 Xerxe
567 2730 615 2779 in
660 2746 784 2779 arma
833 2729 982 2779 ciente
1012 2730 1059 2780 in
1097 2732 1329 2782 montium
1370 2730 1582 2785 faucibus

63 2797 271 2866 gloriose
291 2796 475 2851 fillenti.
562 2797 730 2851 Mitius
759 2795 874 2846 furit
898 2832 912 2858 ,
965 2798 1048 2865 qui
1077 2800 1259 2853 eminus
1297 2799 1546 2852 baechatur
1566 2837 1582 2864 ‚

743 2869 837 2932 135
1452 2864 1510 2921 δι
