1832 3151
323 121 406 179 60
725 116 1302 206 ffiwffissss&
1723 213 1727 217 ,

331 274 1010 356 QUAESTIO
1106 275 1680 350 ETHICA.

251 378 454 451 Utrum
498 384 766 450 airzicitiae
786 386 1106 468 fomentum
1130 385 1368 467 firmius
1383 428 1404 462 ,
1440 386 1735 472 prastntia
1755 422 1780 459 ‚

830 503 891 536 an
926 484 1131 551 abstentia
1149 488 1173 534 ,Ρ

733 600 1273 663 ΡΚΕεΕΝΤῙὼ

333 694 492 746 Ifides
529 696 826 765 Philosophis
848 735 861 761 ,
905 700 1124 752 exercitio
1157 700 1342 749 aftuum
1377 696 1573 749 facilitas
1608 697 1769 750 oritur.

234 695 326 860 S
352 764 601 815 Praesentia
637 769 803 830 amici,
841 769 1008 820 amoris
1036 769 1100 817 est
1131 770 1244 837 juge
1271 768 1560 818 exercitium.
1643 769 1772 817 Ocu-

365 834 519 883 lorum
553 834 745 886 felicitas
769 837 865 887 dux
905 836 992 887 esse
1025 839 1209 905 cogitur
1239 836 1295 885 ad
1310 853 1540 886 amorem.
1610 836 1775 886 Saeviat

235 903 353 952 irato
388 902 575 952 turbine
622 903 810 955 fortuna
836 943 849 967 ‚
885 905 1144 956 blandiatur
1181 902 1365 954 rursum
1404 905 1591 953 mitiore
1623 906 1776 955 Favo—
1819 941 1823 953 .

237 972 320 1020 nio
343 1006 355 1030 ‚
390 969 469 1019 fibi
500 970 705 1022 securam
751 974 864 1038 jecit
905 976 1032 1025 anc'li·
1055 992 1152 1023 ram
1178 1008 1195 1036 ,
1229 973 1304 1023 cui
1340 989 1500 1024 comes
1531 974 1662 1024 lateri
1706 972 1770 1023 est
1819 1006 1829 1037 3

229 1041 422 1088 amicus.
489 1042 643 1090 Protei
675 1042 722 1090 in
749 1060 935 1093 rnorem
972 1041 1210 1092 turbinem
1245 1041 1503 1108 intrepidus
1544 1058 1654 1090 cum
1687 1058 1771 1106 pa·
1817 1041 1829 1092 {⁴

231 1109 404 1166 tiente3
438 1109 677 1158 malaciam
700 1124 864 1160 contra
898 1110 1123 1160 constanti
1157 1111 1328 1174 excipit
1359 1110 1540 1173 animo,
1570 1123 1774 1174 utroque

231 1177 406 1225 laturus
430 1176 586 1225 amico
617 1178 873 1228 remedium
894 1218 906 1241 ,
960 1179 1074 1227 dum
1108 1178 1245 1227 sortis
1269 1179 1512 1243 utriusque
1545 1176 1591 1227 se
1617 1176 1650 1226 fi
1669 1195 1771 1229 non
1818 1192 1832 1218 ’Μ

227 1259 422 1304 metam,
458 1260 639 1309 partem
664 1245 777 1297 sacit
803 1264 975 1297 amore.
1095 1246 1234 1296 Nihil
1260 1247 1364 1296 vitae
1400 1246 1511 1297 huic
1565 1245 1773 1296 amabili·
1814 1293 1819 1302 ,

230 1328 315 1375 us,
358 1330 411 1362 ac
445 1314 636 1363 alterum
671 1314 860 1365 censere
895 1315 939 1363 in
965 1315 1081 1364 vivis
1110 1316 1231 1384 Ego,
1265 1315 1343 1366 cui
1381 1333 1481 1366 non
1510 1315 1666 1376 secuS‚
1715 1333 1769 1368 ac
1814 1344 1818 1348 ·

227 1382 309 1429 tibi
346 1396 529 1447 pateant
568 1382 748 1446 abdita,
788 1383 1132 1451 congaudenti,
1175 1383 1477 1447 condolenti,
1520 1383 1767 1434 hortatori.
1817 1432 1819 1435 ,

226 1449 474 1500 Efficacius
509 1451 607 1501 haec
640 1453 795 1502 omnia
824 1469 954 1501 more
986 1451 1070 1501 suo
1102 1452 1279 1518 prcrstat
1305 1453 1503 1515 amicus,
1545 1450 1578 1502 fi
1608 1469 1770 1503 coram
1815 1476 1825 1516 g

226 1516 398 1568 sortem
424 1532 552 1567 tuam
576 1536 676 1569 non
707 1534 801 1570 tam
827 1519 979 1570 videat
1019 1522 1069 1571 fit
1103 1521 1297 1571 alienam
1326 1557 1338 1581 ‚
1379 1522 1519 1586 quam
1563 1523 1772 1587 experiae
1822 1543 1824 1548 ·

225 1600 298 1635 tur
330 1586 381 1636 ut
408 1584 551 1636 suam.
621 1590 741 1637 Hoee
774 1587 839 1638 est
872 1587 1086 1638 human-ae
1112 1590 1295 1639 virtutis
1328 1607 1385 1640 an
1419 1588 1634 1640 conditio
1655 1626 1667 1649 ,
1708 1608 1768 1642 an
1811 1591 1824 1656 f

228 1656 393 1714 limes;
428 1655 524 1721 quo
553 1658 734 1707 remote
772 1656 959 1725 magis,
1013 1657 1072 1708 eo
1100 1657 1284 1707 minore
1318 1671 1372 1707 ut
1400 1671 1503 1726 agat
1543 1659 1768 1723 potentiae
1814 1666 1823 1687 '³

222 1723 386 1774 Calere
421 1723 554 1790 cupis
584 1724 818 1790 amplius?
841 1727 1035 1776 flammae
1062 1725 1339 1776 viciniorfis.
1414 1728 1514 1788 Sic,
1545 1728 1749 1793 quoties!
1808 1758 1809 1761 =

223 1808 278 1840 ex
312 1793 458 1842 oculis
489 1807 677 1858 raptus,
708 1807 865 1860 raptus
896 1809 944 1844 es
975 1811 1031 1843 ex
1059 1794 1246 1853 animo,
1273 1812 1436 1844 verum
1470 1796 1585 1845 illud
1608 1796 1756 1846 diver·

220 1858 369 1908 bium.
469 1860 595 1909 Nam
625 1863 754 1924 vere,
785 1862 837 1912 ut
863 1861 1071 1911 observat
1103 1863 1376 1928 Propertius
1399 1864 1431 1910 l.
1450 1880 1491 1923 3.
1535 1865 1760 1930 quantum
1805 1866 1821 1889 ‘²

220 1928 401 1989 oeulis,
436 1930 589 1980 animo
624 1942 718 1978 tam
748 1932 912 1995 procul
944 1929 1030 1980 ibit
1055 1947 1199 1980 amor.
1268 1933 1437 1981 Faveat
1461 1928 1552 1981 risu
1577 1931 1664 1982 suo
1690 1933 1758 1983 sol
1808 1940 1819 1957 '¹

220 1996 416 2062 praesens
440 2036 451 2059 ‚
489 1996 742 2066 vigebunt,
769 1998 1007 2061 ridebunt,
1029 1997 1318 2049 succrescent
1347 1999 1461 2049 orbe
1487 2000 1763 2050 omniazab-
1808 2047 1809 2056 ,

219 2063 274 2113 fit
301 2064 548 2131 tantisper,
580 2066 667 2117 vita
702 2067 949 2127 concidet,
979 2069 1117 2135 vigor
1137 2067 1391 2118 flaccescet.
1460 2070 1534 2119 En
1571 2067 1762 2136 {Jvmbo-

218 2134 318 2182 lum
347 2134 595 2184 amantum.
664 2135 910 2185 Aristotele
933 2135 1033 2200 ipso
1060 2134 1164 2186 Eth.
1188 2152 1232 2197 9.
1267 2152 1306 2185 c.
1334 2152 1410 2184 11.
1442 2133 1724 2205 stiffi-agante
1743 2177 1756 2201 ,
1815 2141 1817 2149 '

221 2201 336 2250 dum
363 2201 618 2251 amicorum
642 2201 922 2266 praesentiam
949 2218 1042 2253 tam
1065 2204 1113 2255 in
1139 2202 1403 2269 prosperis,
1432 2207 1571 2269 quam
1602 2206 1763 2255 adver·
1814 2223 1816 2236 ¹

223 2268 278 2317 fis
309 2268 671 2330 jucundissimam
708 2270 891 2331 censet,
921 2274 990 2322 vel
1021 2271 1106 2333 eo,
1140 2271 1270 2336 quod
1301 2271 1352 2321 &
1388 2270 1557 2339 aspec'i‘u
1592 2272 1760 2324 conso-

227 2337 450 2386 lationem
478 2339 659 2402 praestet
689 2339 892 2400 amicus,
924 2339 975 2388 ὃ(
1007 2342 1225 2388 oratione.
1313 2341 1441 2389 Dum
1474 2356 1637 2392 contra
1659 2344 1762 2394 lon·

217 2406 450 2472 ginquitas
477 2405 572 2469 ipsa
593 2408 901 2458 remissionem
931 2405 1093 2457 senfim
1123 2408 1275 2457 animo
1293 2407 1479 2459 inducit
1498 2445 1511 2469 ‚
1533 2410 1647 2460 dum
1668 2410 1752 2461 ob-

217 2472 331 2523 livio
363 2489 564 2524 mentem
601 2491 828 2542 occupat,
854 2473 906 2525 &
936 2493 1028 2543 quo
1049 2474 1142 2525 fine
1173 2477 1314 2525 vitam
1348 2493 1483 2544 agere
1508 2479 1588 2530 vix
1618 2478 1752 2544 posse

218 2540 297 2589 vifi
337 2544 634 2606 nuperrime,
677 2545 820 2595 hodie
850 2544 925 2594 vix
959 2543 1280 2594 recordemur.
1363 2547 1439 2597 Sic
1476 2549 1753 2598 Memnonis

217 2609 484 2660 artefac'him
511 2612 729 2662 mentitur
755 2615 960 2672 animus,
1010 2611 1334 2680 obrigescente
1369 2614 1416 2662 in
1447 2615 1656 2679 lapidem
1690 2615 1754 2665 af·

217 2676 370 2736 seim,
399 2676 481 2727 suo
514 2679 625 2729 dum
655 2679 751 2730 sole
788 2682 1005 2747 privatur.
1090 2681 1215 2750 Qid
1247 2681 1453 2730 mirum?
1485 2685 1664 2743 vultus,
1698 2683 1752 2733 δε

212 2747 338 2795 vocis
374 2748 518 2814 gratia
548 2748 803 2799 fomentum
834 2746 939 2798 sunt
966 2749 1120 2807 animi,
1135 2749 1309 2798 candor
1337 2749 1569 2800 actionum
1592 2753 1747 2802 oleum

216 2815 407 2864 flammae
438 2833 668 2881 perenne,
708 2817 960 2870 {imiiitudo
998 2817 1196 2882 denique
1239 2834 1424 2867 morum
1467 2820 1751 2871 conciliatrix
1826 2835 1829 2846 ¹

1547 2905 1674 2940 amo·

1811 2432 1814 2463 i
