1832 3151
455 98 1096 189 *fflfflstssssss
1438 119 1515 180 3⁷

71 207 226 277 Qiam
247 224 344 257 rara
367 205 486 256 enim
505 210 579 257 lex
601 240 612 263 ‚
636 223 734 270 quae
754 207 882 255 omni
905 208 974 256 vel
1004 206 1129 256 nube
1158 206 1308 256 nativa
1329 210 1508 266 careatl,
1524 205 1599 257 vel

67 277 245 326 macula
272 312 283 336 ‚
311 291 446 340 quam
474 276 511 324 ei
537 274 559 334 (
595 274 807 339 quamvis
840 272 1047 324 videatur
1074 272 1355 336 clarissima)
1393 275 1600 337 nequitia

66 361 165 393 non
205 344 342 409 poffit
376 341 633 393 offundere.
702 341 903 391 Nodum
938 343 1044 392 ante
1069 377 1082 402 ,
1114 342 1244 407 quod
1287 341 1488 392 dicimus
1511 376 1524 401 ‚
1545 344 1598 393 in

66 409 244 476 scirpo,
275 412 409 478 quzim
441 411 608 461 claram
658 411 865 475 ejusdem
901 410 1329 477 interpretationem
1363 409 1596 476 reperias;

66 496 119 528 eo
149 478 339 529 demum
369 495 571 543 eventu,
620 479 748 546 qubd
785 492 967 529 certum
993 492 1200 537 maneat,
1234 477 1349 530 nihil
1388 476 1505 528 ade&
1540 474 1598 527 δε

63 561 246 598 cautum
272 545 457 617 legibus
473 584 486 610 ‚
511 545 564 597 &
594 550 795 613 clarum,
820 548 948 614 quod
974 549 1137 600 colore
1161 548 1310 614 aliquo
1329 546 1478 596 vitiari
1499 562 1600 596 uon

63 615 212 681 poffit.
281 615 456 682 Apices
495 614 676 684 semper
697 617 919 668 scrutatur
948 616 996 668 in
1013 616 1213 686 legibus,
1247 614 1412 682 quibus
1435 614 1597 664 trium·

61 684 175 753 phet
200 684 436 750 impietas,
510 685 594 737 Sin
619 687 902 755 triumphet,
925 686 1065 737 litese
1091 686 1172 735 lite
1194 725 1205 749 ‚
1227 700 1410 751 tempus
1434 683 1460 732 ἐ
1481 697 1598 732 tem·

61 770 204 818 pore,
256 754 309 803 ἃ
339 752 551 820 sumptus
581 753 729 805 trahat
766 772 822 805 ex
852 752 1130 820 sumptibus.
1201 754 1328 804 Felix
1368 751 1601 802 memoria

0 846 19 871 ·.
58 820 343 887 Reipublicae
368 861 380 884 ,
412 825 503 890 qufi
526 821 716 874 sedebat
745 823 918 873 nobilis
947 824 998 875 in
1029 823 1179 890 portiS
1205 820 1350 872 Urbis
1371 819 1601 883 Senatus,

0 911 18 943 ;.
57 909 115 944 ne
139 891 328 941 advenis
350 895 425 942 vel
456 890 651 942 Curiam
673 891 954 949 accedendi,
978 894 1226 959 vellegum
1242 888 1325 939 fibi
1351 886 1466 955 iaepe
1483 905 1599 940 con·

57 959 379 1012 tradicentium
420 960 606 1025 copiam
648 960 903 1029 vestigandi
943 959 1065 1011 foret
1109 959 1359 1010 neceffitas.
1454 955 1595 1007 Nihil

0 1010 18 1116 ᾗῇ
54 1027 334 1094 Reipublieae
365 1045 485 1118 pase
512 1031 693 1079 melius.
764 1029 905 1078 Tolle
926 1029 1087 1097 legum
1112 1031 1310 1094 copiam,
1343 1024 1600 1078 discordia-

0 1116 17 1145 ἰ
53 1113 155 1148 rum
186 1098 366 1148 fontem
396 1138 408 1162 ‚
441 1089 597 1147 litium
639 1097 890 1147 forensium
926 1094 1101 1146 semina
1130 1132 1146 1160 ‚
1185 1096 1416 1160 injustitia:
1458 1093 1599 1145 fomi-

0 1136 16 1232 ξ’
53 1178 173 1229 tem,
205 1183 438 1217 novorum
461 1167 680 1217 sce1emm
713 1164 868 1217 ansam
894 1163 1123 1218 sustulisti.
1159 1168 1277 1215 Haee
1303 1167 1464 1214 Romae
1482 1164 1599 1213 olim

0 1240 16 1288 ὲ]
49 1231 278 1286 sententia
306 1269 319 1292 ,
354 1236 517 1305 legum
550 1232 731 1286 sitarum
754 1233 1000 1286 authorem
1026 1233 1118 1285 hoe
1153 1233 1365 1286 ornantis
1402 1231 1601 1299 elogiot

0 1298 14 1356 {s
53 1304 219 1357 Manes
247 1303 313 1353 tui
335 1321 420 1370 per
459 1321 536 1354 me
568 1303 678 1355 licet
699 1301 962 1370 quiescaut3
985 1302 1066 1355 sed
1085 1301 1195 1354 rosfae
1216 1319 1293 1354 aut
1325 1302 1419 1354 lilia
1449 1299 1604 1365 sepul-

0 1382 14 1420 &a
49 1371 215 1422 chrum
255 1386 390 1421 tuum
433 1391 535 1425 non
567 1387 740 1424 ornent
761 1412 773 1435 ,
817 1373 899 1439 qui
930 1385 1005 1423 tot
1039 1374 1176 1424 tricas
1208 1371 1346 1425 nobis
1382 1368 1601 1420 fundasti.

8 1440 13 1488 ἶ
48 1439 156 1492 Nec
173 1442 333 1491 Romae
359 1440 523 1503 soliuS,
559 1460 643 1507 par
666 1439 824 1491 sensus
861 1441 1184 1492 sexcentorum
1211 1440 1345 1492 omni
1366 1454 1465 1490 aevo
1486 1453 1603 1504 que·

6 1526 13 1557 t
47 1509 261 1560 rentium.
333 1511 438 1561 Plus
462 1508 642 1576 semper
672 1509 872 1561 laborari
896 1510 1124 1577 temporis
1158 1550 1170 1573 ‚
1204 1511 1302 1561 aeris
1328 1547 1341 1573 ‚
1382 1507 1436 1558 &
1469 1507 1601 1574 pacis

6 1599 12 1624 ι
49 1576 298 1647 dispendio
337 1579 473 1645 copia
510 1613 523 1637 ‚
554 1579 691 1643 quem
720 1579 882 1646 inopia
913 1580 1092 1648 legum.
1159 1579 1369 1630 Glaeiato
1404 1576 1456 1629 in
1492 1571 1599 1628 salo

225 1647 475 1718 graditur,
507 1648 587 1713 qui
618 1647 666 1697 in
689 1649 848 1716 legum
879 1650 1016 1715 copia
1046 1649 1179 1702 caute
1211 1647 1428 1701 nimium.

514 1716 739 1767 Cordatus
760 1715 929 1789 greffics
947 1718 1130 1785 firmat,

773 2902 820 2956 C
861 2914 888 2965 ι
1393 2903 1438 2971 §-
1473 2902 1535 2952 11.
