1832 3151
483 87 625 174 {Q}
677 95 710 170 <
754 85 875 172 0>
923 84 1064 173 {³343ss
1374 100 1480 170 117

294 245 736 344 QUAESTIO
812 243 1296 315 POLITICA:

74 383 179 452 An
187 381 420 471 fllicior
456 380 797 469 Respublica
828 444 845 467 ι
911 383 1006 446 cui
1029 378 1396 470 Maggstratus
1409 395 1509 469 pe-

695 478 849 528 rennis
882 477 909 526 ,Ρ

483 631 540 693 A
560 647 590 689 F
614 647 643 688 F
668 651 684 692 1
708 650 748 692 R
773 651 821 689 M
847 647 892 691 A
913 652 949 692 T
972 649 1013 691 u
1036 650 1099 695 R.

26 751 287 926 MAI&
312 752 512 806 consulit
540 754 868 808 communioni
899 752 1148 804 hominum
1189 792 1200 815 ,
1250 750 1303 802 &
1347 750 1552 804 animan·

237 823 381 883 tium,
416 823 493 891 qni
530 830 716 885 aerem,
759 824 929 872 victum
950 862 963 887 ‚
1000 822 1184 872 vivendi
1209 821 1423 870 ordinem
1450 838 1552 870 mu-

235 905 296 940 tat
315 890 477 942 indies.
549 892 682 955 Pejus
704 890 1011 957 Reipublicae,
1050 890 1163 940 dum
1184 889 1549 956 Magistratuum

25 973 225 1014 mutatur
263 958 526 1026 imperium.
612 960 727 1010 Non
760 958 1007 1011 hominem
1039 993 1054 1019 ‚
1099 956 1176 1007 sed
1218 957 1549 1009 semi-DEUM

0 1090 2 1095 .
22 1026 174 1097 poscit
216 1045 285 1078 ars
318 1029 514 1095 regendi
549 1044 564 1086 3
600 1044 750 1091 neque
776 1062 789 1085 ,
834 1026 866 1075 {i
906 1027 956 1076 ut
995 1041 1185 1092 oportet
1214 1065 1225 1087 ,
1275 1025 1540 1085 trat'tanda,

20 1097 105 1148 alia
137 1094 318 1146 facilius
355 1094 545 1148 discitur
577 1094 808 1146 methodo
839 1131 850 1155 ‚
888 1097 1027 1162 quxim
1070 1093 1349 1160 experientia
1384 1093 1544 1162 Magi-

19 1164 117 1218 stra.
174 1164 291 1213 Non
317 1163 449 1228 anni,
485 1163 563 1216 sed
601 1162 852 1214 lustrorum
878 1162 929 1214 ὅτ.
954 1165 1094 1214 aetatis
1121 1164 1199 1212 hic
1232 1162 1364 1211 labor
1393 1197 1405 1221 ,
1448 1161 1546 1211 hoc

0 1250 139 1300 ,opus
176 1232 255 1282 est.
327 1231 487 1285 Nemo
538 1231 730 1300 grandia
766 1233 1026 1293 molietur,
1075 1231 1150 1282 cui
1197 1230 1309 1279 dum
1357 1231 1539 1281 animus

16 1300 208 1367 incipit,
249 1301 450 1367 potestas
472 1299 695 1351 moliendi
718 1299 893 1350 definit.
929 1303 1025 1369 Q‘i
1045 1299 1206 1352 reddat
1233 1297 1387 1349 felices
1420 1300 1547 1350 Prin-

16 1385 160 1435 cepS‚
193 1368 365 1432 quivix
395 1384 611 1436 tempuS,
653 1386 747 1435 quo
777 1369 970 1420 felicitas
994 1370 1168 1420 nitatur
1192 1398 1208 1426 2
1253 1366 1416 1418 melus
1447 1367 1542 1430 est,

15 1450 67 1489 ut
96 1433 368 1490 condiscat?
404 1439 701 1488 Momentum
736 1454 908 1498 unum,
949 1453 1027 1488 aut
1068 1453 1215 1486 annus
1258 1452 1346 1485 nec
1376 1436 1543 1501 populi

17 1506 245 1574 genium,
280 1521 371 1554 nec
396 1506 560 1555 statuta
594 1522 876 1573 regnorum,
909 1523 1000 1555 nec
1034 1519 1279 1554 momenta
1313 1502 1545 1556 felicitatis

53 1587 253 1623 enen-are
277 1569 338 1622 [at
364 1574 528 1638 potest,
597 1575 713 1623 Non
742 1591 835 1624 una
875 1573 1140 1640 Scipiadem
1173 1572 1349 1621 format
1387 1589 1538 1640 arena.

69 1658 120 1691 ec
142 1642 305 1695 fluetus
329 1641 550 1693 duntaxat
586 1640 703 1693 visus
735 1641 1015 1694 domitorem
1047 1641 1239 1694 Oceani.
1310 1639 1540 1703 Amnem,

17 1706 68 1759 ἃ
86 1723 293 1778 expertas
315 1711 469 1763 clavus
491 1747 504 1771 ‚
540 1709 593 1760 &
627 1710 821 1760 habenae
855 1709 1092 1776 postulant
1120 1726 1298 1759 manus.
1354 1708 1540 1759 Pericu-

0 1777 113 1829 lose
137 1776 358 1839 discitur,
389 1778 472 1829 ubi
507 1797 607 1830 non
639 1779 729 1831 nisi
761 1777 1040 1845 Reipublicae
1079 1777 1250 1827 damno
1274 1793 1398 1826 error
1424 1793 1538 1827 eon-

14 1844 232 1914 jungitur.
301 1848 454 1912 Loqui
486 1847 542 1899 ad
575 1847 814 1904 libellam,
850 1861 1000 1897 tacere
1024 1862 1112 1912 pro
1146 1846 1344 1908 meritis,
1382 1843 1538 1895 distin-

15 1930 157 1985 guere
184 1913 347 1967 fucum
378 1917 607 1974 acolore,
650 1932 703 1965 ex
726 1930 860 1979 aequo
887 1914 1056 1964 librare
1088 1931 1242 1963 rerum
1268 1925 1533 1973 momenta,

13 1981 236 2048 ponderis
263 1997 335 2032 res
363 1984 426 2032 est
446 1984 619 2034 Divini.
690 1983 846 2041 Male,
868 1985 973 2049 quia
994 1980 1094 2032 sero
1121 1980 1256 2031 discit
1280 1981 1319 2029 is
1336 2016 1348 2040 ‚
1383 1982 1531 2045 cujus,

13 2048 123 2099 dum
153 2050 385 2116 imperare
417 2053 550 2116 caepit
573 2090 588 2111 ,
635 2050 772 2102 verba
819 2045 922 2101 sunt
969 2052 1175 2109 oracula,
1220 2048 1336 2099 fafta
1373 2050 1532 2103 omnia

11 2111 113 2167 sunt
142 2119 370 2183 exempla.
415 2120 536 2170 Non
559 2119 692 2171 unius
736 2119 832 2168 haec
867 2119 1083 2186 stipendii
1109 2120 1232 2169 viros
1260 2115 1532 2183 postulant,

13 2182 90 2238 std
122 2203 243 2251 quos
268 2185 372 2236 usus
405 2188 617 2253 probavit
638 2227 651 2252 ,
685 2186 905 2250 duravit,
943 2190 1096 2253 quales
1134 2185 1418 2252 Reipublicae
1453 2182 1533 2236 ad·

11 2254 272 2305 movendos
304 2256 422 2317 juffit
459 2255 646 2309 callidus
690 2255 798 2305 alifis
823 2256 1021 2326 regendi
1060 2256 1289 2307 Tiberius,
1384 2252 1533 2304 Exilis

13 2320 226 2386 profesto
259 2320 392 2384 usus,
418 2324 699 2393 experientia
728 2323 817 2375 effe
844 2325 998 2390 potest
1017 2325 1060 2374 ei
1083 2361 1094 2384 ,
1132 2324 1211 2392 qui
1235 2322 1529 2382 hodiernam,

16 2391 89 2440 vel
112 2387 370 2442 hesternam
393 2393 630 2460 potestatis
647 2393 722 2443 vix
754 2407 963 2445 numerat
984 2391 1125 2442 diem.
1191 2392 1391 2442 Novitas
1412 2406 1532 2456 quae-

15 2456 102 2520 vis,
141 2460 379 2512 audaciam
409 2499 422 2523 ,
470 2460 522 2512 &
561 2462 742 2511 animos
782 2475 904 2510 nova
944 2459 1150 2529 suggerit
1186 2459 1451 2522 moliendi,
1495 2456 1530 2508 fi

15 2530 274 2592 populum3
323 2526 369 2577 se
406 2528 579 2579 ditandi
611 2544 795 2590 curam,
833 2525 866 2576 fi
903 2528 1169 2596 Principem
1200 2527 1388 2594 speeies.
1454 2529 1533 2576 In-

17 2594 162 2646 tendit
189 2595 358 2647 hirudo
402 2595 599 2666 sugendi
625 2595 955 2656 acrimoniam,
991 2597 1099 2647 eum
1133 2611 1317 2662 tempus
1347 2592 1531 2645 defutu-

15 2674 115 2711 rum
138 2664 297 2725 novit,
337 2682 433 2732 quo
458 2667 712 2733 ingluviem
733 2662 880 2714 satiet.
949 2667 1064 2733 Qae
1083 2682 1225 2731 porro
1251 2663 1344 2715 hoc
1365 2662 1391 2712 ἐ
1415 2661 1530 2712 fon-s

15 2732 61 2778 te
85 2731 362 2784 tributorum
383 2734 455 2784 vel
476 2733 616 2801 copia
638 2767 650 2793 ‚
673 2734 745 2783 vel
769 2731 985 2784 acerbitas
1008 2733 1219 2786 verenda.
1269 2732 1436 2784 Satiata
1450 2729 1523 2780 hi-

13 2795 127 2850 rudo
158 2835 174 2863 ,
211 2800 289 2854 etsi
307 2801 478 2856 hirudo
502 2802 580 2866 fit,
612 2802 718 2871 quia
745 2799 898 2854 &tiata
917 2803 1016 2866 est,
1052 2802 1209 2855 mitius
1234 2798 1347 2853 furit
1371 2798 1525 2851 {iden-

706 2872 754 2923 H
791 2886 815 2934 3
1393 2880 1457 2918 te.
