1832 3151
355 115 417 158 ¹2
739 94 1316 182 fflwstssffiss

364 198 608 249 Factiones
631 200 742 249 aulae
773 200 946 268 vestiga
977 197 1278 267 sagaciffime‚
1316 197 1434 249 nulli
1467 213 1623 251 tamen
1652 212 1699 251 te
1729 200 1792 254 fa-

268 266 357 316 cile
391 267 614 318 addicito.
687 274 1027 336 Qtemcunque
1054 267 1212 318 favore
1251 267 1477 332 Principis
1502 268 1668 320 videris
1696 272 1794 335 pol.

261 335 383 396 lere,
409 336 456 383 in
479 348 609 385 tuam
639 352 819 402 partem
841 336 1062 387 inclinare
1089 335 1291 390 intende.
1394 335 1500 387 Nec
1527 337 1653 402 pensi
1678 336 1795 392 habe

261 405 333 453 vel
361 404 567 453 morioni
598 404 819 468 blandiri,
853 404 885 453 fi
904 405 1317 470 Principi.placere
1342 404 1524 457 videas:
1562 405 1593 455 fi
1624 407 1794 460 Princi-

260 471 310 535 pi
357 471 518 520 affistas
544 507 559 531 ,
605 473 881 523 alacritatem
913 472 1205 539 {implicitate
1248 488 1547 539 temperatam
1590 474 1792 537 exhibe,

260 539 435 606 gaudio
460 539 764 608 gestientem,
799 540 928 604 quod
958 540 1107 591 adesse
1125 541 1272 590 liceat.
1343 543 1421 591 Sic
1440 557 1592 593 tamen
1621 542 1794 605 adesto,

255 622 306 657 nt
333 625 487 674 neque
516 625 766 674 perpetuus
786 608 862 670 fis,
884 609 1010 660 taedii
1033 645 1045 669 ,
1081 608 1132 658 δί
1160 609 1378 659 satietatis
1399 610 1596 664 vitandae
1620 616 1790 673 causil3

253 693 408 743 neque
428 694 554 727 rarus
589 678 812 740 nimium,
849 677 910 728 ne
945 678 1170 729 oblivioni
1196 677 1341 730 deris.

359 748 472 811 Quae
499 747 680 812 placere
701 747 904 813 Principi
927 747 1071 809 nosti,
1096 764 1183 816 age
1200 785 1212 809 ‚
1241 744 1292 795 δί
1321 746 1409 797 dic.
1483 748 1614 799 Cave
1635 748 1792 799 omnia

261 812 488 877 maxime,
513 832 616 881 quae
651 813 943 880 displiceant.
1024 816 1214 866 Dicenti
1246 815 1421 875 arride3
1449 814 1483 865 fi
1510 813 1792 881 respondere

251 899 349 931 non
373 882 505 932 liceat
522 919 534 943 ,
560 900 669 932 cum
696 883 1001 935 admiratione
1030 883 1260 933 dictorum
1292 885 1504 947 ejusdem
1544 884 1789 950 applaude.

253 949 304 999 Si
340 952 658 1017 loquendum,
691 967 826 1017 petax
855 951 985 1015 estu,
1014 949 1066 1001 &
1091 954 1305 1018 querulus
1333 950 1516 1019 semper
1532 971 1547 1013 3
1577 956 1624 1003 iu
1653 952 1707 1002 iis
1727 966 1793 1003 ta·

252 1036 384 1082 men,
410 1037 511 1085 quae
548 1020 640 1071 fine
664 1019 853 1086 sumptu
884 1019 967 1073 suo
992 1021 1149 1090 largiri
1179 1019 1314 1071 facile
1335 1022 1506 1086 potest:
1579 1021 1626 1071 Si
1645 1038 1790 1085 capax
1821 1070 1826 1082 ,

249 1086 347 1152 ipse
383 1091 539 1158 gratiae
565 1107 659 1139 non
680 1089 763 1149 fis,
789 1090 903 1142 alios
925 1087 1129 1140 suborna
1155 1090 1378 1155 petitores
1405 1128 1417 1152 ,
1467 1108 1591 1158 quos
1618 1107 1786 1155 eapro-

251 1172 361 1222 pter
390 1157 630 1209 obstrictos
670 1156 852 1209 habeas.
921 1163 1017 1208 Aut
1056 1159 1209 1208 alieno
1239 1159 1461 1220 nomine,
1512 1173 1594 1210 tuo
1632 1171 1785 1209 tamen

257 1227 516 1277 commodo
550 1227 747 1294 gratiam
767 1226 943 1278 obtine.
1024 1227 1244 1289 Denique
1266 1227 1527 1292 Principem
1553 1230 1691 1293 pleno
1709 1244 1790 1276 ore
1820 1247 1824 1254 ’

252 1311 412 1345 coram
443 1297 541 1346 aliis
567 1293 785 1360 celebra,
812 1308 965 1346 certus
992 1293 1097 1344 fore
1132 1294 1359 1361 aliquem,
1386 1298 1465 1362 qui
1495 1296 1701 1361 Principi
1719 1312 1787 1346 re·
1819 1296 1825 1322 '³

245 1362 377 1413 ferat.
1817 1422 1820 1430 Ι

350 1431 563 1482 Aliorum
601 1434 795 1502 gratiam
821 1433 1047 1502 elegantia
1084 1448 1329 1482 munerum
1346 1471 1358 1495 ,
1386 1432 1532 1502 magis
1561 1446 1711 1483 tamen
1742 1449 1785 1481 a·
1817 1473 1819 1476 .

249 1502 361 1565 pta,
396 1503 538 1567 quam
561 1501 764 1566 pretiosa
790 1500 922 1551 stude
955 1501 1087 1550 inire.
1188 1504 1250 1551 Et
1277 1499 1337 1550 ne
1365 1503 1434 1552 vel
1478 1502 1683 1564 animm,
1714 1502 1786 1553 vel
1819 1560 1821 1565 ,

248 1569 422 1619 divitiae
451 1584 662 1634 pateant,
683 1568 833 1622 verbis
861 1568 1055 1620 condias
1077 1569 1310 1621 levitatem
1337 1570 1539 1621 muneris
1557 1604 1569 1628 ‚
1597 1569 1785 1621 tenuita-

249 1651 345 1687 tem
377 1637 579 1688 fortunae
611 1637 811 1688 causare.
879 1643 1061 1688 Aureos
1092 1650 1250 1688 tamen
1272 1653 1456 1690 montes
1487 1638 1574 1688 hac
1601 1639 1782 1688 favente
1819 1659 1821 1661 ¹

248 1707 499 1773 pollicere,
529 1705 610 1756 sed
644 1706 869 1770 pollicere
901 1705 1108 1756 tantum:
1138 1704 1172 1755 fi
1210 1705 1345 1772 piscis
1374 1723 1538 1756 aureus
1570 1706 1654 1755 tibi
1699 1705 1784 1755 ob·
1813 1716 1821 1737 ·’

245 1775 368 1836 vict,
399 1775 578 1825 nemini
608 1777 678 1825 vel
707 1776 756 1824 in
781 1776 900 1825 caelo
924 1809 936 1832 ,
970 1776 1044 1824 vel
1070 1773 1120 1825 in
1151 1788 1273 1824 terra
1309 1791 1415 1825 eum
1446 1775 1621 1824 cedite.
1711 1777 1784 1823 Te
1816 1777 1820 1801 ·'

249 1842 465 1893 omnibus
497 1843 717 1894 charitate
749 1859 984 1908 praepone.
1050 1844 1177 1892 Dum
1199 1842 1261 1893 de
1278 1860 1372 1893 meo
1386 1885 1402 1908 ‚
1433 1842 1585 1893 &tuo
1614 1842 1783 1910 agitur,

242 1913 320 1961 vel
350 1926 567 1976 parentes
591 1911 718 1977 ipsos
747 1911 891 1960 aureis
917 1909 1071 1960 verbis
1104 1909 1282 1962 fascina.

352 1980 570 2030 Procellis
598 2016 611 2040 ‚
660 1979 711 2030 ἃ
749 1979 1032 2031 variantibus
1066 1981 1180 2029 aulae
1223 1980 1370 2031 ventis
1407 1977 1538 2030 caute
1579 1978 1810 2031 credito.=

244 2045 432 2100 Nullius
461 2048 545 2097 tibi
573 2060 693 2099 tanta
728 2046 782 2098 fit
806 2046 1079 2100 sacramenti
1110 2047 1316 2117 religio,
1347 2051 1437 2115 qua
1469 2047 1654 2098 charior
1684 2065 1781 2098 nou

243 2115 296 2165 fit
323 2119 446 2167 aurei
466 2116 595 2168 hami
627 2116 833 2183 piscatio,
907 2120 969 2167 Et
1003 2115 1140 2166 ideo:
1154 2115 1337 2183 meper
1363 2114 1454 2165 tibi
1484 2116 1682 2182 pendeat
1703 2114 1780 2164 ha·
1810 2178 1812 2185 y

244 2202 340 2233 mus
356 2226 370 2248 ,
405 2202 486 2252 quo
516 2188 703 2236 minim&
729 2189 852 2235 reris
886 2187 1098 2252 gurgite,
1136 2183 1275 2250 pifin‘s
1317 2188 1426 2234 erit.
1528 2187 1688 2234 Tuum
1724 2183 1774 2235 in
1822 2188 1826 2240 ,’

244 2254 458 2303 omnibus
492 2255 804 2304 commodum
831 2252 1016 2302 idolum
1042 2250 1107 2300 fit.
1181 2251 1320 2303 Unde
1350 2251 1382 2302 fi
1416 2252 1683 2318 Principem
1710 2252 1777 2301 in·
1822 2249 1825 2259 '

243 2319 429 2372 sensum
458 2322 577 2388 parti
601 2323 766 2373 videris
792 2322 951 2379 alteri,
984 2317 1037 2367 δε
1064 2316 1205 2369 divisa
1230 2335 1389 2370 tamen
1416 2319 1556 2370 factio
1595 2321 1776 2380 vincat,
1819 2371 1824 2397 Ι

246 2387 308 2439 fic
338 2404 382 2440 te
412 2389 702 2442 felicioribus
718 2393 892 2459 junge,
923 2401 974 2438 ut
1001 2390 1214 2438 aemulam
1250 2404 1429 2456 partem
1458 2389 1654 2458 graviter
1676 2404 1774 2438 non
1819 2417 1823 2464 ᾗ

241 2457 448 2507 offendas
466 2494 480 2521 ,
500 2459 560 2509 ne
585 2459 853 2525 Principum
878 2456 1038 2508 affectu
1064 2457 1235 2507 variato
1261 2457 1459 2523 patiaris.
1534 2456 1774 2523 Excipitur

241 2539 396 2576 tamen
420 2528 620 2593 grande,
658 2527 708 2578 &
742 2526 941 2593 speciale
968 2539 1099 2574 tuum
1129 2525 1452 2576 commodum.
1817 2573 1820 2588 ,

342 2595 597 2648 Neminem
626 2597 782 2662 aperte
817 2595 996 2645 laedito.
1067 2594 1282 2644 Conviva
1317 2593 1413 2645 esto
1436 2591 1768 2659 potius,quam
1817 2594 1820 2599 '

241 2662 529 2714 convivator.
625 2665 755 2734 Quid.
796 2667 844 2716 in
877 2664 989 2715 alios
1014 2662 1282 2728 expenderis
1304 2698 1315 2720 ,
1349 2659 1592 2726 supputare
1627 2662 1768 2721 noli3
1815 2710 1818 2714 ,

240 2730 510 2782 nisiexacto
547 2747 788 2800 tempore,
810 2731 981 2782 fruuus
1013 2730 1128 2781 dum
1156 2731 1353 2794 colligis,
1442 2731 1661 2779 Proceres
1689 2745 1766 2779 co·
1830 2770 1832 2774 .

240 2799 314 2861 le,
345 2796 397 2849 ἃ
426 2799 595 2852 meniis
620 2816 664 2851 te
683 2800 833 2865 socia,
861 2817 945 2852 nec
967 2813 1119 2849 tamen
1157 2798 1280 2863 apud
1310 2795 1510 2847 eundem
1543 2795 1763 2848 crebrius.
1814 2799 1816 2801 ’

1604 2862 1703 2914 Ubi
