1781 3151
255 60 300 123 8
590 53 1161 146 ἓθθέζῡῊέἓζέἓ

174 156 271 227 ipsa
294 197 306 221 ,
356 157 437 209 ubi
482 158 633 210 otium
673 166 873 229 palmam
921 166 1094 214 tulerit.
1175 162 1290 212 Non
1313 160 1523 208 minuunt
1557 197 1570 221 ,
1621 154 1697 208 sed

177 241 350 278 acuunt
369 229 549 279 animos
581 248 702 280 curae
724 267 737 290 ,
771 230 801 281 fi
823 231 1083 284 moderatae.
1129 231 1279 282 Elidat
1293 228 1387 278 vim
1414 225 1467 275 &
1485 228 1696 296 vigorem

178 312 370 347 omnem
405 313 618 361 conatus,
653 299 685 350 fi
718 300 1000 351 decumanus
1030 302 1078 348 sit
1098 336 1110 360 ,
1157 315 1253 347 non
1280 310 1433 345 tamen
1465 296 1622 358 elidit,
1663 293 1696 343 fi

179 364 390 415 humeris
423 363 586 433 suppar
610 366 761 418 fuerit.
812 368 912 435 Age
945 367 1063 435 quod
1088 368 1187 432 agis
1210 404 1222 427 ,
1263 365 1541 414 inclamabat
1572 379 1699 412 vetu-

180 433 268 483 stas
309 430 496 498 sapiens
521 470 533 493 ,
579 432 657 485 sed
690 435 870 485 addidit
910 437 1038 486 una:
1086 433 1161 482 Ne
1199 434 1312 501 quid
1341 434 1525 482 nimis?
1571 431 1700 499 Quid

177 500 296 568 quid
321 503 447 550 enim
472 503 819 562 moderatione,
858 519 981 556 caret
994 521 1086 552 una
1102 501 1414 561 durabilitate,
1434 517 1567 566 atque
1583 501 1701 550 adeo

177 583 324 619 aetate.
343 572 616 640 Horologia
633 574 785 637 quiete
806 576 1026 638 perpetua
1048 567 1612 630 obsolescere‚raucescere
1627 587 1700 619 or-

215 655 326 699 ana,
364 640 645 706 experientia
666 642 770 691 artis
789 659 873 691 nos
901 638 1170 699 docuit,fic
1209 635 1544 690 Paterfamilias.
1593 638 1703 687 Nec

176 655 288 765 fibi,
324 723 411 757 nec
441 708 571 766 orbI,
608 725 691 758 nec
730 710 922 775 posteris
956 709 1099 771 vivit,
1137 707 1217 774 qui
1261 705 1461 756 otiosus.
1521 707 1638 757 Orbi
1666 705 1701 755 fi

178 791 281 825 non
301 775 497 838 noxius,
534 774 722 827 odibilis
743 776 853 826 fere.
900 780 970 828 Ut
985 779 1111 840 cuius
1136 791 1325 841 torpore
1346 774 1506 833 iniussa
1528 774 1702 826 semen·

179 855 276 892 tem
311 859 414 893 arva
435 881 447 905 ,
482 843 599 894 vites
629 846 866 909 palmitem
894 882 904 904 ,
954 846 1171 896 alimenta
1204 842 1254 893 ἃ
1287 843 1492 894 fomenta
1519 843 1700 894 Caelum

176 908 294 960 serat
321 909 372 959 ἃ
395 925 528 962 terra.
598 913 722 982 Qid
748 914 980 982 agendum
1016 930 1090 963 aut
1121 914 1327 963 futurum
1353 912 1401 960 in
1441 912 1626 974 Curiis,
1670 911 1702 961 fi

175 977 434 1045 sybariticis
465 978 646 1030 tautum
675 980 886 1033 diffluere
910 978 1055 1032 visum
1084 981 1135 1031 fit
1160 981 1316 1032 studiis
1341 982 1364 1030 ἲ
1423 981 1547 1048 Quid
1576 980 1703 1030 secu·

175 1046 327 1096 ritatis
364 1047 554 1107 Patriae3
598 1049 710 1112 quid
758 1049 932 1101 frnflfis
974 1052 1129 1101 laurea
1176 1067 1319 1101 arenae
1351 1052 1494 1100 latuia
1538 1049 1626 1108 est,
1668 1048 1702 1099 fi

176 1131 328 1166 unum
344 1115 458 1165 illud
486 1116 727 1167 consilium
761 1121 962 1184 placeat,
997 1119 1124 1184 quod
1157 1133 1281 1169 caret
1313 1117 1570 1168 arduitate?
1613 1118 1702 1167 Vel

176 1183 237 1234 eo
267 1196 427 1234 contra
460 1183 696 1250 displiceat
721 1203 896 1247 omne,
926 1188 1030 1252 quia
1073 1188 1221 1238 labori
1249 1187 1454 1240 iunetum
1488 1201 1565 1237 aut
1588 1185 1706 1235 diffi-

178 1251 374 1302 cultati?
407 1252 609 1303 Grandis
640 1253 690 1303 &
714 1257 837 1306 utilis
877 1254 978 1305 orbi
1002 1275 1175 1318 nemo,
1213 1255 1302 1304 nisi
1342 1256 1400 1304 de
1438 1273 1530 1321 quo
1560 1258 1704 1304 Vates

180 1319 208 1368 ὲ
230 1337 338 1370 vero
369 1337 385 1379 ;
420 1320 582 1370 Malta
616 1324 758 1382 tulit,
781 1326 1008 1392 ficitqlce.
1078 1327 1313 1375 Neutrum
1346 1321 1399 1372 fit
1436 1326 1535 1374 otio
1579 1324 1707 1373 tabe·

177 1384 394 1455 scendo„
459 1392 522 1438 At
553 1407 609 1439 am
631 1391 795 1442 noxius
829 1392 929 1442 orbi
953 1393 1131 1461 magis,
1166 1412 1222 1442 an
1242 1392 1326 1442 fibi
1356 1392 1580 1441 molestus
1608 1409 1706 1441 am·

181 1458 306 1523 plius
329 1490 343 1516 ‚
380 1454 575 1506 dubium
618 1460 725 1508 esto.
800 1462 960 1511 Otium
995 1464 1107 1529 juge
1131 1501 1143 1523 ,
1199 1463 1248 1510 t‘it
1288 1460 1456 1529 rubigo
1491 1460 1706 1527 calybem

174 1525 367 1589 exedit,
404 1524 514 1573 dum
542 1541 704 1576 contra
735 1541 844 1578 cote
871 1528 1043 1595 gaudet
1082 1532 1222 1578 virtus
1256 1529 1483 1596 quaelibet.
1538 1530 1712 1578 Politut

180 1595 401 1645 exercitio
428 1592 531 1659 ipso
570 1594 749 1661 ingenii
775 1596 916 1658 acies,
954 1597 1004 1646 ut
1026 1598 1165 1646 virtus
1191 1600 1377 1646 aemulo.
1457 1600 1586 1661 Aqua
1626 1614 1706 1661 pe·

177 1664 313 1714 renni
344 1662 670 1728 inquietudine
708 1677 836 1730 rapta
863 1664 1018 1730 purior
1040 1664 1135 1714 fere
1168 1680 1306 1729 atque
1349 1663 1584 1715 Salubrior
1605 1666 1707 1725 est;

180 1749 288 1798 quae
315 1732 493 1799 stagnat
518 1733 706 1795 perenni
740 1732 867 1790 otio,
907 1729 1075 1782 infesta
1109 1734 1301 1801 gignit,
1359 1747 1497 1798 atque
1526 1734 1709 1799 mephi-

178 1801 286 1850 tim.
321 1801 401 1849 Sic
436 1798 714 1849 morborum
748 1801 1002 1861 exercitus,
1043 1803 1240 1868 languor
1271 1836 1282 1859 ‚
1335 1800 1571 1851 hebetudo
1608 1800 1708 1852 sen-

178 1867 312 1919 {imm
342 1867 630 1934 quotidianus
664 1869 763 1916 vitae
800 1866 954 1919 otiosae
984 1866 1087 1918 fimt
1128 1868 1308 1919 census.
1396 1872 1591 1920 Posteris
1631 1872 1709 1921 de·

177 1954 311 1988 mum
342 1935 460 2002 quid
476 1936 668 1994 condit,
698 1953 808 1995 oro,
843 1935 918 1987 seu
949 1935 1138 2000 solatio,
1169 1936 1246 1988 seu
1270 1939 1561 1990 documento
1588 1975 1600 1998 ,
1629 1939 1706 1990 seu

178 2006 380 2074 gloriae?
419 2005 497 2071 qui
530 2021 769 2070 nunquam
795 2041 806 2061 ,
845 2005 974 2071 quod
1006 2006 1204 2056 dicimus
1237 2042 1249 2065 ‚
1298 2025 1483 2057 manum
1521 2008 1577 2055 ad
1615 2027 1708 2058 ara·

178 2087 323 2123 trum.
369 2072 573 2124 Certain
599 2072 745 2123 fundo
758 2071 883 2122 foret
906 2073 1176 2138 parsimonia
1204 2076 1407 2133 colono,
1438 2076 1525 2125 nisi
1547 2077 1703 2126 aestum

180 2140 234 2191 &
260 2142 474 2192 brumam
515 2140 566 2190 &
589 2142 685 2207 pati
715 2141 966 2202 didicisset,
1005 2142 1056 2192 ἃ
1099 2144 1250 2194 vellet.
1319 2145 1563 2208 Sapienter
1600 2146 1703 2204 ille,

178 2211 256 2259 cui
277 2211 569 2262 Gentilitium
596 2209 838 2275 quondam
865 2212 1035 2260 lemma
1060 2231 1070 2262 ε
1104 2212 1441 2262 Labomndum.
1477 2216 1537 2261 Et
1568 2212 1703 2264 bene.

180 2280 354 2346 Qualis
380 2278 482 2328 Rex
501 2321 515 2343 ,
558 2280 671 2326 talis
692 2296 826 2345 grex.
844 2280 1129 2343 Torpebunt
1155 2281 1252 2330 otio
1275 2281 1452 2341 omnia,
1492 2280 1569 2330 ubi
1592 2299 1703 2332 ocu·

176 2348 249 2396 lus
276 2347 388 2415 vigil
411 2364 506 2397 non
528 2346 666 2396 adest.
715 2346 969 2415 Lauguebit
993 2348 1039 2396 in
1066 2349 1334 2414 Reipublica
1360 2350 1556 2408 artium,
1602 2351 1706 2400 lite·
1766 2413 1770 2415 Β

177 2433 329 2466 rarum
351 2452 362 2473 ‚
396 2413 707 2480 virtutumque
735 2415 946 2465 omnium
989 2417 1221 2481 studium,
1273 2418 1306 2467 fi
1346 2416 1436 2468 hoc
1476 2418 1616 2482 paclo
1646 2420 1695 2466 li-

175 2499 278 2533 ceat
302 2485 400 2533 otio
424 2484 679 2550 indulgere.
752 2484 868 2535 Sane
887 2488 1133 2549 tempestas
1163 2489 1285 2537 nulla
1312 2487 1473 2536 domui
1508 2500 1582 2535 aut
1600 2486 1701 2534 Rei-

175 2552 376 2619 publicae
414 2553 602 2610 maioris
623 2554 762 2618 plena
797 2553 991 2619 periculi
1022 2588 1036 2613 ,
1085 2570 1223 2619 atque
1255 2555 1371 2605 adeo
1417 2555 1602 2616 majoris
1637 2554 1701 2604 se·

172 2639 253 2670 rax
294 2620 554 2686 perniciei,
603 2639 655 2671 ac
688 2621 780 2673 haec
835 2621 1037 2671 malacia.
1104 2626 1314 2674 Leonem
1347 2624 1485 2674 vide:
1539 2624 1697 2689 rugitu

170 2691 312 2738 unius
338 2689 525 2739 attonita
550 2688 666 2739 stant
693 2691 902 2740 animalia
916 2704 1086 2741 caetera.
1154 2694 1268 2742 Esto
1286 2696 1358 2743 leo
1373 2692 1484 2759 vigil
1506 2690 1550 2740 in
1571 2704 1695 2753 tuos,

168 2771 294 2809 metu
319 2760 572 2825 percellens
601 2772 860 2825 torpentes,
919 2760 1029 2811 Una
1051 2772 1205 2812 tamen
1237 2759 1565 2829 horologium,
1590 2778 1632 2808 m
1643 2778 1692 2812 o·

1509 2846 1622 2879 vens
