1832 3151
355 159 431 220 50
745 132 1322 221 ἓὲὶέμΰὲἰέἐέ

265 244 390 311 Qid
412 240 534 293 orbis
560 239 652 292 fine
688 243 893 292 ordine?
935 244 1024 294 nisi
1056 244 1288 295 redivivus
1331 258 1484 292 orcus.
1552 244 1666 311 Qiis
1687 263 1794 310 por·

264 329 317 360 ro
353 311 472 361 ordo
496 346 507 369 ,
535 311 625 360 nisi
664 311 896 361 bonorum
924 311 1081 361 divifio
1118 309 1334 364 ordinem
1371 309 1534 360 fundet
1560 351 1571 374 ,
1598 311 1744 363 servet
1775 352 1788 376 ,

264 379 488 429 stabiliat?
532 380 762 429 Varietate
800 380 964 440 statiis,
987 380 1158 449 gradfis
1195 420 1206 443 ‚
1243 381 1525 431 fortunarum
1561 382 1788 431 animatur

260 446 550 514 Respublica.
623 447 738 514 Qiis
772 447 965 507 servitii,
1002 465 1078 498 aut
1109 450 1316 499 laborum
1351 450 1526 514 patiens
1571 448 1747 498 futurus
1772 489 1785 512 ,

260 513 339 563 ubi
371 534 502 581 pares
531 516 721 564 omnes?
752 517 851 582 quis
867 515 1088 582 Princeps
1108 516 1198 565 fine
1218 515 1424 574 subdito,
1445 518 1678 566 Dominus
1696 517 1788 567 {ine

258 585 474 650 mancipe
503 584 523 632 ?
560 597 603 634 at
627 579 794 633 subefie
820 619 834 644 ,
870 581 922 632 ἃ
951 586 1202 650 mancipari
1233 586 1361 634 nolet
1386 624 1398 647 ‚
1443 586 1518 649 qui
1546 587 1782 650 praemium

259 651 436 715 officii,
481 667 554 701 aut
577 651 781 717 obsequii
801 650 972 702 referre
991 654 1131 719 poffit
1146 655 1327 704 nullum
1345 692 1357 714 ,
1380 653 1488 702 cum
1521 671 1602 717 par
1624 653 1673 703 fit
1691 655 1782 703 cui-

252 736 344 784 que
374 718 492 769 sorte
511 756 522 778 ,
554 719 604 770 ἃ
629 720 810 771 vivendi
829 722 1197 787 opportunitate.
1262 719 1420 770 Insaua
1440 718 1558 768 foret
1590 740 1781 786 operan-

250 786 308 836 tis
333 787 554 837 industria
580 827 590 850 ‚
627 788 780 851 delira:
813 806 927 838 curae
953 830 966 853 ‚
996 790 1076 840 ubi
1120 792 1218 854 pari
1253 790 1384 839 lucro
1428 787 1665 838 redimitur
1690 808 1781 840 tor·

250 869 366 922 por,
402 855 452 904 ἃ
488 857 684 907 colentis
723 854 918 906 solertia.
975 859 1203 907 Navesin
1226 859 1419 907 Oceano
1438 855 1778 923 anchora,spcs

248 923 345 972 auri
366 923 454 975 suis
475 924 522 974 in
550 924 669 976 curis
699 923 852 975 firmat
887 928 1056 976 omnia.
1096 926 1256 977 Aliena
1287 941 1413 975 rarus
1436 961 1448 984 ,
1474 922 1550 973 sua
1586 925 1779 992 quisque

247 991 379 1041 cordi
405 991 556 1043 habet.
624 991 784 1043 Nemo
816 1006 937 1044 unus
970 1013 1032 1044 ex
1063 1008 1162 1044 toto
1186 994 1432 1045 industrius
1450 1028 1464 1051 ‚
1488 992 1566 1057 qui
1587 1010 1681 1042 non
1705 1010 1778 1044 to·

248 1072 298 1108 to
312 1059 364 1109 fit
377 1060 627 1112 Dominus.
645 1065 778 1112 Hanc
793 1062 974 1113 causam
999 1062 1209 1124 arbitror,
1227 1060 1583 1127 cui-DEUSipsc
1610 1063 1778 1114 talenta
1821 1067 1825 1079 ’

241 1127 484 1192 partiatur,
510 1128 561 1179 δε
586 1131 782 1199 gratias,
806 1149 956 1197 neque
987 1149 1120 1196 pares
1139 1131 1343 1193 cujusvis
1366 1129 1493 1181 orbis
1526 1131 1671 1198 plag-<c
1702 1147 1778 1199 ve7
1818 1160 1822 1175 .f

241 1197 295 1244 lit
327 1196 414 1245 effe
442 1196 660 1249 fortunas.
708 1200 866 1249 Ebore
883 1201 1093 1261 Indiam,
1135 1199 1265 1250 thure
1299 1198 1488 1261 Sabam,
1525 1196 1668 1248 serico
1694 1201 1777 1249 Se·
1817 1214 1822 1255 ;

241 1281 340 1325 res,
371 1265 605 1316 aliis-alios
635 1266 888 1331 abundare,
915 1266 1104 1337 singulis
1130 1265 1185 1316 ‘ut
1218 1270 1411 1320 affluant
1437 1267 1627 1337 singula,
1652 1267 1774 1317 nulla
1816 1299 1820 1327 ς

240 1332 458 1383 omnibus
476 1353 485 1383 :
504 1333 768 1386 fomentum
792 1337 903 1385 illud
923 1335 1139 1405 singulis,
1159 1336 1511 1388 incitamentum
1536 1336 1648 1386 istud
1665 1335 1770 1401 spei,

235 1400 353 1449 lucri
384 1436 396 1460 ,
462 1402 701 1454 industriae.
818 1405 1012 1455 Avidius
1061 1405 1116 1456 ab
1172 1406 1270 1457 aliis
1324 1406 1534 1471 quaeritur
1576 1440 1588 1462 ,
1639 1404 1771 1468 quod
1813 1419 1817 1429 '

233 1465 462 1534 {iugulare
505 1472 568 1520 est
601 1474 792 1537 paucis,
829 1473 1034 1538 dumque
1060 1488 1220 1523 mutuo
1257 1473 1533 1542 participant
1577 1473 1724 1522 fluctu
1754 1505 1770 1532 ‚
1812 1470 1815 1475 ’

231 1539 343 1585 uuio
371 1537 466 1602 ipsa
497 1538 817 1605 {agiieutiffimo
854 1556 1024 1590 naturae
1069 1542 1274 1592 authoris
1303 1541 1494 1594 consilio
1531 1541 1768 1593 stabilitur.
1814 1558 1815 1562 ¹

233 1604 359 1675 Qid
377 1639 391 1660 ,
413 1606 541 1673 quod
577 1608 627 1658 ἃ
663 1611 881 1659 virtutum
920 1610 1106 1674 copiam
1133 1609 1227 1661 haec
1245 1613 1432 1678 partitio
1461 1610 1623 1660 causet.
1651 1609 1766 1677 Quis
1811 1638 1813 1643 π

233 1673 511 1738 munificus,
533 1677 808 1746 magnificus
830 1719 843 1741 ‚
871 1678 1154 1736 mIsericors,
1179 1680 1258 1728 ubi
1288 1684 1401 1732 inter
1430 1696 1585 1744 pares,
1617 1677 1667 1726 ἃ
1688 1696 1766 1743 pa·
1806 1714 1832 1735 ,.

233 1741 297 1788 ria
323 1744 480 1793 omnia
508 1744 642 1796 miser
668 1748 730 1796 est
763 1748 946 1796 nemo?
983 1747 1081 1811 quis
1110 1747 1272 1800 faedera
1311 1761 1542 1799 amantum
1572 1748 1761 1814 jungat,
1808 1775 1811 1799 1

228 1807 311 1859 ubi
334 1809 526 1861 siccatur
552 1831 664 1865 vena
684 1813 1010 1884 gratificandi?
1062 1817 1209 1867 Deme
1230 1820 1370 1886 igitur
1403 1817 1594 1882 singulis
1616 1814 1767 1866 domi-
1827 1818 1832 1865 f

398 1879 562 1944 nandi,
609 1900 911 1936 communem
946 1883 1160 1934 omnibus
1197 1888 1378 1939 vivendi
1412 1884 1576 1936 adimis
1829 1900 1832 1902 ’

860 1953 1141 2005 felicitatem.
1375 1974 1379 1982 ·
