1832 3151
322 108 458 172 204
735 87 1314 175 QQCOMQ}

229 194 421 262 languet
444 193 522 259 qui
545 192 767 259 provide,
796 196 959 258 caute,
997 194 1220 261 sapienter
1239 195 1407 245 differ-tr
1485 193 1633 246 Cauta
1661 211 1753 244 ma·
1824 197 1830 206 ⁸

234 264 310 329 gis
336 300 348 324 ‚
387 265 525 328 quam
565 260 711 311 felicia
739 279 794 313 ex
837 278 1004 315 eventu
1033 266 1296 329 Principem
1331 263 1513 315 decent.
1602 262 1757 313 Cauta

230 331 340 382 facit
371 329 616 380 cunetatio.
678 329 920 383 Deliberet
944 334 1161 403 phlegma
1198 372 1209 395 ,
1255 332 1367 381 dnm
1419 333 1633 384 executio
1669 328 1758 380 fer-

234 414 335 451 veat
356 399 490 449 instar
512 398 664 464 ignis,
700 398 749 447 id
785 401 849 450 est
858 401 1072 466 fistina,
1108 400 1187 452 sed
1225 401 1343 451 lent&
1379 417 1490 451 cum
1522 399 1753 470 Augusto.

233 467 380 518 Lente
413 467 590 517 dilcute
605 505 618 529 ,
654 469 861 518 celeriter
883 486 985 537 age.

587 574 750 635 PRO
797 577 1391 639 CELERITATE.

236 666 355 780 O
381 670 533 738 Quam
564 671 736 723 bellum
757 692 931 727 nomen
963 676 1278 744 providentia,
1316 673 1553 727 confilium
1585 715 1599 739 ‚
1653 693 1758 727 eau-

397 742 486 788 tela
508 744 519 789 3
554 745 647 806 At,
697 745 832 808 quam
855 745 949 796 fine
982 746 1141 796 omine
1160 745 1318 795 omnia
1336 780 1350 804 .,
1385 744 1499 794 dum
1521 743 1667 796 sermo
1690 747 1755 797 est

229 805 290 855 de
317 805 565 858 seditione.
649 810 891 874 Scintilla,
926 832 1064 881 quam
1107 815 1197 865 nisi
1221 812 1347 864 sedes
1367 812 1599 878 principio
1627 850 1639 873 ,
1686 812 1753 862 in·

231 874 395 925 cendia
417 893 604 940 vomet,
649 897 851 946 qnorum
893 882 1035 933 furori
1067 881 1175 932 solis
1214 883 1372 933 Patriae
1411 880 1554 930 bustis
1592 897 1749 945 paren·

227 957 364 994 tetur.
435 947 710 1008 Canen-aena,
747 947 800 999 <St
821 950 985 1018 pestis,
1025 969 1127 1018 quae
1152 950 1243 1002 nisi
1284 949 1596 1018 praecidantur
1622 949 1666 997 in
1689 946 1755 997 se·

229 1013 380 1073 mine,
415 1031 510 1065 non
548 1016 638 1064 nisi
665 1018 855 1069 exitium
906 1021 1120 1090 voragini
1172 1019 1265 1070 suae
1302 1019 1500 1070 limitem
1534 1016 1752 1068 statuunt.
1818 1052 1822 1064 ¹

231 1083 292 1129 Et
319 1080 414 1131 hoe
435 1084 605 1134 malum
627 1084 976 1152 benevolentia,
1017 1088 1375 1139 diffimulatione
1406 1125 1419 1148 9
1457 1089 1588 1136 ¹¹¹⁰1‘5
1628 1084 1753 1136 Prin·
1819 1145 1823 1147 Δ

228 1164 339 1215 ceps
367 1153 568 1201 toleret?
606 1157 851 1220 Nunquam
880 1158 928 1208 in
951 1159 1149 1209 Patriam
1171 1158 1345 1223 impius
1368 1155 1521 1224 magis
1546 1194 1557 1218 ‚
1596 1156 1749 1220 quam,

227 1219 338 1269 eum
375 1220 425 1271 in
449 1219 556 1271 suos
595 1221 657 1272 sie
692 1226 797 1289 pius
823 1225 912 1278 esse
936 1229 1094 1294 cupit:
1133 1243 1370 1293 nunquam
1395 1226 1548 1293 magis
1571 1227 1753 1289 impro-
1818 1229 1823 1291 j

225 1286 383 1351 vidus,
421 1291 557 1354 quam
595 1291 702 1342 cum
755 1294 906 1346 taliter
951 1296 1190 1362 providus.
1281 1295 1526 1346 Diss'unula
1567 1293 1751 1343 latentis
1821 1300 1823 1305 ’

227 1358 335 1405 mali
352 1356 510 1421 initia,
552 1359 659 1410 tuba
691 1363 865 1415 aemulis
905 1366 992 1414 erit
1037 1364 1298 1427 oscitantia,
1322 1363 1432 1412 dum
1459 1364 1747 1423 aliimetum,
1817 1404 1821 1413 .

224 1424 299 1473 alii
330 1424 670 1492 ignorantiam,
706 1432 1003 1496 vecordiam,
1028 1434 1337 1498 &torporem
1367 1432 1442 1481 alii
1463 1430 1747 1493 arbitrantur,
1817 1447 1823 1460 ⁶

225 1491 277 1541 δι
297 1495 369 1545 vel
385 1493 527 1553 ideo,
565 1499 660 1546 t⁶am
686 1494 753 1548 sui
781 1499 1014 1551 incurium
1039 1541 1050 1562 ,
1106 1504 1246 1569 quam
1294 1500 1452 1550 Patriae
1495 1499 1704 1563 iniquum
1735 1538 1748 1561 ,
1822 1542 1823 1547 ,

224 1559 449 1628 ignavum
502 1566 767 1630 Principem
812 1565 1049 1633 spernunt.
1135 1571 1393 1634 Nunquam
1439 1567 1589 1617 acrius
1634 1565 1747 1616 furit
1821 1623 1823 1628 ¹

224 1628 360 1695 plebs
382 1670 394 1694 ,
428 1648 482 1682 ac
505 1632 616 1683 dum
655 1634 833 1699 primos
860 1638 1008 1688 cernit
1036 1640 1229 1705 impetus
1256 1639 1280 1687 ἐ
1304 1636 1525 1687 sententia
1555 1634 1742 1686 cedere.
1822 1642 1823 1645 ’

221 1697 478 1765 Nunquam
500 1705 666 1752 contra
694 1702 910 1756 domatur
931 1705 1136 1768 facilius,
1178 1721 1319 1772 atque
1349 1703 1574 1784 securiuffi,
1602 1704 1753 1768 quam.
1817 1714 1825 1765 ἶ

224 1766 341 1817 dum
373 1769 530 1833 primis
560 1770 604 1822 se
647 1774 798 1823 cernit
835 1773 1016 1825 aufibus
1050 1775 1216 1825 lusam.
1296 1777 1423 1825 Tum
1469 1787 1596 1821 emm
1632 1771 1744 1822 vero

222 1836 452 1899 audaciae,
490 1837 658 1890 furoris
686 1877 698 1901 ,
738 1845 1008 1894 temeritatis
1038 1843 1296 1910 trophaeum
1330 1854 1575 1892 momento
1599 1840 1748 1890 statui·

221 1917 313 1957 tur.
407 1909 558 1973 Quam
603 1926 757 1974 prona
787 1911 844 1962 ad
879 1913 1143 1963 audendum
1176 1910 1280 1963 sunt
1326 1910 1456 1978 vulgi
1488 1909 1657 1971 studia,
1710 1907 1746 1959 fi
1818 1931 1821 1933 “

220 1973 349 2025 initia
374 1972 577 2035 faveant,
612 1992 707 2030 tam
731 1977 958 2045 suiipsius
992 1983 1147 2045 impos
1168 2018 1180 2042 ,
1219 1978 1272 2030 δί
1306 1981 1498 2051 ignavus
1528 1980 1588 2029 est
1617 1977 1746 2028 furor

218 2041 518 2121 ubi-primos
550 2045 690 2099 virtus
719 2048 948 2114 Principis
971 2051 1129 2100 vitales
1169 2047 1388 2115 spiritus,
1427 2045 1548 2113 quasi
1580 2047 1744 2097 florem

217 2129 412 2176 pruma,
451 2113 705 2165 decoxerit.
788 2121 918 2168 Facit
939 2118 1034 2170 haec
1072 2119 1234 2170 omnia
1264 2118 1471 2167 celeritas
1501 2115 1745 2181 tempesta·
1820 2161 1821 2165 ,

217 2179 252 2228 ti
278 2181 520 2232 imminens
542 2221 554 2245 ‚
594 2183 701 2235 cum
733 2187 938 2251 primum
967 2188 1191 2238 inaudiit:
1245 2188 1344 2237 haec
1381 2204 1470 2236 una
1510 2183 1743 2236 felicitatis

217 2247 385 2300 arbitra
406 2284 418 2309 ‚
455 2247 578 2316 spei,
601 2250 652 2301 δι’.
682 2267 925 2320 votorum,
964 2254 1017 2305 ἃ
1039 2256 1304 2307 cedentium
1323 2256 1371 2305 in
1394 2253 1645 2306 commoda
1663 2255 1742 2302 Pa-

219 2316 315 2365 triae
332 2333 585 2369 eventuum
613 2322 679 2371 est
707 2339 901 2375 corona.
975 2326 1179 2391 Rumpes
1200 2341 1399 2391 namque
1425 2322 1598 2385 facile,
1641 2337 1741 2386 quae

214 2386 423 2450 rapueris
447 2387 654 2441 confilia:
696 2395 819 2441 Tum
842 2392 948 2459 quia
973 2391 1243 2458 improvisa,
1279 2408 1379 2442 tum
1405 2393 1512 2458 quia
1542 2392 1599 2441 eo
1619 2406 1743 2439 acer·

213 2452 324 2504 bins
349 2456 602 2516 mordent,
638 2460 734 2524 quo
758 2461 905 2525 prima
938 2461 1157 2512 hebetant
1190 2461 1374 2532 gustum
1399 2461 1622 2525 amplius,
1666 2455 1738 2505 vel

216 2522 499 2574 obtundunt.
592 2529 711 2578 Rosa
737 2530 783 2581 in
832 2530 994 2580 orbem
1034 2530 1187 2582 donec
1229 2530 1562 2586 convolvitur,
1599 2524 1737 2574 filcco

215 2591 353 2655 plena
385 2593 478 2651 est,
512 2596 738 2660 explicata
783 2598 1037 2649 marcescit.
1109 2600 1200 2664 Qui
1234 2600 1280 2650 in
1314 2617 1460 2649 unum
1487 2594 1737 2662 congestus

214 2662 480 2726 AEgyptum
514 2680 705 2717 omnem
733 2668 1043 2735 navigabilem
1062 2668 1216 2719 reddit
1247 2668 1421 2726 Nilus,
1467 2664 1627 2714 leniter
1658 2661 1740 2711 de·

214 2726 317 2776 fluit
336 2729 383 2778 in
423 2729 604 2781 rivulos
635 2733 936 2785 subterancos
955 2735 1142 2801 sparsus.
1223 2737 1300 2786 Sic
1337 2733 1496 2783 seditio
1521 2734 1566 2782 in
1604 2730 1734 2779 semi·

218 2812 277 2846 ne
298 2798 543 2864 OPPYcffi,
581 2803 688 2868 quia
725 2804 818 2854 vim
846 2820 922 2856 aut
949 2803 1166 2869 divisam,
1217 2818 1295 2856 aut
1330 2804 1573 2854 florentem
1613 2801 1734 2852 dun·

1547 2883 1669 2920 taxat
