1832 3151
310 78 396 141 ²⁶
765 73 1341 164 ἓὲἕ(ο)ἔ<ἐῦ

226 179 594 235 &antemuralia
617 179 817 248 impetit.
874 182 1034 233 Acrius
1064 181 1244 250 semper
1283 181 1404 235 saevit
1436 219 1449 244 ,
1488 183 1540 235 δε
1576 186 1740 255 iugulo

225 253 471 312 imminet,
505 251 583 317 qui
617 247 802 301 succum
833 248 982 316 ipsum
1011 254 1133 303 tollit
1174 270 1227 303 ac
1257 250 1541 320 sauguinem.
1622 258 1739 322 Agit

265 337 457 378 timum,
493 321 574 386 qui
608 319 748 370 literis
773 318 933 370 cives:
986 320 1081 388 agit
1114 318 1389 383 steundum‚
1426 323 1502 387 qui
1537 324 1738 387 Rempu-

262 389 400 440 licam
426 388 605 440 civibus
642 385 824 453 spoliat.
905 389 1060 438 Hostis
1095 402 1284 454 uterque
1311 427 1324 450 ,
1374 387 1425 438 ὃ(
1461 390 1738 455 Reipublicae

228 458 423 509 aemulus
443 495 456 519 ,
491 452 572 507 sed
604 453 889 505 mansuetior
922 456 997 506 ille
1019 491 1031 513 ,
1065 458 1172 521 quia
1210 456 1433 507 remotior
1471 477 1482 508 z
1533 459 1738 509 acerbior

230 524 345 584 iste,
380 526 485 591 quia
531 524 644 574 dum
685 524 875 573 intimus
907 540 920 574 t
970 521 1022 573 &
1057 524 1318 574 crudelitate
1350 521 1403 573 &
1442 525 1738 577 diuturnitate

230 594 343 644 mali
371 593 607 644 immitior.
672 592 855 643 Vulnus
885 591 1124 658 quodlibet
1152 592 1209 643 eb
1231 591 1329 642 fere
1362 591 1592 655 acerbius,
1639 595 1735 660 quo

230 660 506 713 diuturnius.
576 659 704 729 Quid
736 676 879 727 porro
928 657 1079 710 sentiri
1111 660 1245 727 possit
1285 659 1432 710 acrius
1463 696 1476 719 ,
1531 680 1581 713 ac
1613 662 1738 727 quod

230 746 332 782 non
373 732 466 780 nisi
509 744 734 780 annorum
774 727 1019 795 impendio
1043 766 1055 790 ,
1092 728 1190 778 imo
1224 725 1274 777 ὃ(
1318 727 1581 780 saeculorum
1617 733 1741 781 fluxu

230 796 534 864 compenses.
589 797 724 862 Rapit
750 797 908 864 calybs
932 794 1046 846 bora
1073 800 1162 848 uua
1178 795 1406 862 myriades
1426 831 1438 855 ,
1471 814 1566 849 non
1589 814 1743 848 tamen

229 866 349 917 hora
371 867 543 932 pariter
559 868 652 914 un‘a*
680 864 834 924 cives,
870 864 920 913 ut
943 861 1115 932 fungos
1142 865 1263 929 parit
1298 879 1468 915 natura.
1541 869 1600 915 At
1621 883 1742 916 acer·

227 934 344 985 bum
382 934 434 984 fit
458 934 663 999 quamvis
695 950 787 984 uno
828 945 981 984 carere
1011 933 1267 984 munimine
1295 968 1309 992 ‚
1352 932 1562 983 acerbius
1600 932 1742 1001 longe

229 1002 297 1053 est
321 1002 525 1053 nominis
547 1019 636 1051 una
659 1019 711 1052 ac
739 1001 897 1068 gloriae
924 1000 1025 1064 post
1058 1001 1148 1050 fata
1175 1000 1311 1050 etiam
1343 999 1522 1051 vindice
1546 998 1741 1067 spoliari.

230 1073 385 1138 Quam
403 1070 710 1121 decumanum
734 1070 893 1119 Patriae
917 1071 1031 1118 luxit
1055 1072 1215 1119 vulnus
1238 1070 1420 1118 Latium
1445 1086 1586 1119 omne
1601 1107 1613 1131 ,
1637 1069 1744 1118 eum

232 1141 261 1189 ἓ
285 1137 557 1202 Vejentibus
584 1139 661 1188 die
689 1155 786 1188 uno
824 1136 992 1188 Fabios
1012 1138 1111 1188 tulit
1140 1137 1260 1186 fama
1298 1150 1584 1202 peremptos.
1655 1137 1743 1185 His

229 1207 354 1256 enim
382 1225 541 1257 verum
569 1205 679 1256 illud
703 1206 889 1258 Horatii
924 1202 1138 1272 semper:
1181 1206 1221 1255 Ο
1258 1202 1316 1256 Εἴ
1351 1206 1599 1270 ρναζβᾶἱαηι
1618 1246 1631 1267 ,
1687 1201 1745 1254 ἔθ’

232 1275 359 1325 dulce
380 1277 508 1325 decus
525 1292 684 1325 meum.
712 1271 966 1338 Prafidium
993 1275 1175 1338 inquam
1194 1309 1207 1335 ‚
1244 1288 1295 1323 ut
1318 1271 1408 1324 fine
1440 1273 1530 1323 hoc
1569 1273 1749 1340 procel·

231 1345 288 1394 1ae
315 1344 463 1394 cuivis
497 1345 589 1409 pila
608 1341 661 1392 fit
695 1340 978 1408 postliminio
1010 1344 1172 1393 Patria.
1257 1340 1410 1390 Decus
1441 1359 1611 1405 porro,
1649 1358 1744 1405 quo

233 1411 444 1473 viduata,
479 1411 531 1461 fit
565 1411 709 1462 furori
743 1412 884 1462 cuivis
917 1409 1132 1461 ludibrio.
1209 1409 1359 1460 Nefas
1386 1423 1478 1459 erat
1510 1409 1742 1474 quondam

232 1481 403 1531 amistu
431 1480 506 1533 vel
530 1480 658 1531 crine
683 1477 877 1546 spoliare
897 1514 909 1537 ‚
946 1480 1118 1543 quanto
1141 1477 1287 1545 magis
1317 1479 1451 1529 cive?
1491 1479 1596 1544 Quo
1618 1478 1741 1525 enim

229 1550 367 1614 pacto
392 1550 583 1612 floreant
602 1560 719 1597 artes
741 1582 753 1605 ‚
786 1548 990 1612 potentia
1012 1581 1024 1605 ,
1057 1563 1170 1612 opes
1193 1547 1213 1595 ’ἕ
1249 1546 1338 1595 nisi
1361 1545 1526 1593 civium
1558 1546 1742 1594 affiuxu.

230 1616 342 1669 Sine
363 1616 436 1667 his
474 1618 574 1682 quis
605 1614 803 1666 fundum
839 1615 1045 1673 excolat,
1096 1612 1345 1663 sementem
1393 1612 1523 1661 sulcis
1563 1612 1746 1672 credat,

233 1700 353 1736 artes
376 1685 603 1751 quaslibet
630 1682 897 1751 provehat?
932 1687 1000 1733 At
1031 1682 1155 1743 esto,
1189 1682 1367 1743 jaceant
1404 1682 1581 1730 incultae
1613 1695 1743 1742 artes,

233 1755 360 1804 vivat
382 1753 528 1803 modo
565 1752 698 1803 Civis
739 1751 927 1812 Patriae,
962 1748 1045 1798 fibi
1072 1749 1286 1800 constans
1313 1784 1325 1807 ,
1376 1748 1540 1798 exteris
1575 1747 1745 1814 suppar

233 1820 390 1892 degit,
425 1819 478 1870 ὃ(
510 1821 666 1872 cristas
697 1819 839 1870 tollit·
902 1818 1063 1868 Nocet
1088 1853 1102 1877 ‚
1133 1816 1210 1884 qui
1249 1818 1397 1866 literas
1429 1815 1620 1876 adimit3
1666 1813 1745 1865 sed

231 1887 380 1941 decus
407 1890 627 1940 duntaxat
650 1889 805 1951 tollit,
839 1904 936 1938 non
970 1887 1122 1936 vitam.
1190 1887 1297 1935 Vita
1344 1883 1579 1933 bonorum
1621 1900 1746 1935 com·

232 1959 467 2028 pendium
493 1957 555 2008 est
576 1992 592 2022 ,
631 1955 683 2006 &
710 1973 883 2008 corona
904 1994 918 2020 ,
953 1956 1048 2006 baec
1077 1953 1207 2004 Civis
1235 1951 1356 2004 solus
1380 1953 1457 2001 est.

470 2061 600 2122 pao
640 2058 767 2129 Eo,
813 2056 946 2144 Q¹
985 2054 1239 2115 Lirmis
1299 2055 1505 2115 Cives.

335 2171 401 2219 [ta
432 2168 664 2217 bonorum
699 2163 1036 2228 compendium
1065 2160 1114 2211 Ge
1142 2178 1317 2212 corona
1349 2161 1443 2218 est,
1484 2159 1629 2209 fateor
1655 2189 1671 2215 ,
1714 2153 1746 2205 fi

372 2237 465 2286 vita
484 2235 549 2284 fit.
601 2239 662 2283 At
684 2229 856 2283 illudne
878 2234 964 2281 vita
1000 2230 1280 2288 dicendum,
1319 2228 1447 2293 quod
1481 2227 1564 2277 esse
1592 2224 1743 2274 solum

236 2300 353 2355 dicit
385 2300 695 2367 Philosophus
714 2300 738 2348 ἲ
777 2297 889 2350 Non
917 2298 1014 2347 haee
1042 2297 1249 2361 profesio
1276 2295 1622 2365 dignahomine
1657 2294 1745 2342 vita

237 2372 303 2423 est
324 2408 336 2432 ‚
369 2373 459 2424 nisi
482 2371 615 2421 fuerit
635 2404 647 2427 ,
679 2366 810 2434 quod
854 2366 1049 2417 eundem
1085 2364 1305 2415 discernat
1337 2366 1360 2413 a
1388 2364 1543 2413 brutis.
1612 2361 1740 2409 Ratio

237 2438 359 2504 sola,
395 2440 446 2490 &
474 2439 683 2489 excultus
700 2437 923 2485 literatum
948 2435 1097 2483 studio
1121 2432 1222 2482 usus
1253 2434 1337 2491 est,
1375 2434 1504 2497 quod
1537 2430 1740 2479 altiorem

238 2505 388 2559 brutis
408 2505 656 2559 constituit.
705 2507 774 2552 Ut
799 2502 963 2553 merito
990 2501 1239 2569 Mytilenaei
1273 2502 1406 2550 maris
1444 2498 1576 2563 potiti
1600 2499 1743 2558 impe·

239 2577 313 2628 rio
340 2616 353 2640 ,
388 2594 487 2626 non
513 2577 594 2623 alia
642 2570 842 2638 perfidos
881 2567 961 2620 sub
1007 2572 1170 2636 jugum
1213 2567 1363 2617 missos
1406 2571 1531 2631 parua
1576 2563 1747 2628 dignos

241 2643 500 2695 censuerint
536 2677 548 2702 ,
595 2655 729 2706 atque
766 2638 851 2689 hac
888 2674 900 2697 ,
953 2654 999 2688 ut
1040 2640 1267 2687 literarum
1307 2636 1442 2685 rudes
1494 2642 1747 2681 manerent.

241 2710 375 2778 Quali
400 2730 508 2762 vero
537 2727 663 2774 paena
690 2723 838 2758 morte
864 2708 961 2772 ipsa
998 2705 1227 2756 crudelior·
1255 2703 1302 2752 fit
1330 2700 1598 2771 ignorantia.
1670 2700 1750 2746 Sa·

243 2781 422 2847 pienter
450 2779 719 2844 judicatum.
758 2775 835 2828 Sic„
859 2775 1096 2827 Cumanos
1125 2772 1352 2825 enerravit
1377 2775 1609 2837 quondam
1645 2764 1745 2815 Arl-

1597 2833 1688 2887 sto·
