1781 3151
575 39 1158 153 ,ἓῧὲἒωὶὲῧέ
1498 85 1545 148 7

100 156 261 240 fiicam
297 166 548 229 parandam
575 203 590 229 ‚
630 169 885 220 ornandam
908 167 1134 228 intentos,
1167 179 1318 231 neque
1358 172 1515 214 tamen
1553 165 1626 214 u1-‘

101 229 190 280 lius
221 232 371 283 minus
400 233 622 299 providos
643 272 656 291 ,
687 254 825 302 quam
852 235 1057 287 fitorum.
1125 233 1285 283 Aliena
1332 244 1625 298 comparant,

100 293 179 351 sua
191 299 411 365 perdunt.
491 300 628 351 Nihil
662 306 787 353 enim
806 319 900 354 tam
931 300 1087 361 suum,
1121 302 1261 366 quam
1299 299 1465 362 liberi,
1509 300 1623 351 alie·

99 383 216 419 num
236 402 250 427 ,
285 371 424 435 quam
449 368 660 424 fortunae.
741 369 834 420 Etfi
864 370 1048 437 angusta
1079 366 1133 418 fit
1169 384 1510 433 nonnunquam
1549 364 1624 417 su·

97 437 282 500 pellex,
310 436 488 488 facilius
512 438 560 488 in
593 437 796 506 egestate
822 439 1040 489 virtutem
1080 437 1307 487 coluerint
1330 435 1492 497 liberi,
1554 448 1622 486 at-

93 504 258 567 quein
283 505 513 557 affluentia
535 524 702 560 rerum.
782 509 1018 560 Virtutum
1042 504 1247 558 haeredes
1281 502 1491 562 scribito,
1521 519 1621 557 non

90 568 360 624 facultatum
383 591 398 633 ;
434 571 485 624 &
513 573 680 625 divites
704 573 771 626 fin
791 576 1009 641 relinquis
1029 610 1043 635 ‚
1074 573 1203 626 facis.
1272 571 1621 639 Amplissimum

93 636 173 689 fibi
197 641 535 692 Patrimonium
562 643 706 699 virtus
727 643 790 694 est
808 676 825 702 ,
859 641 910 692 ἂ
936 643 1131 712 negotio
1153 641 1283 692 nullo
1312 639 1517 690 fortunas
1536 656 1620 704 pa-

91 718 164 785 rat
188 742 203 768 ,
238 725 348 774 quas
376 709 615 761 haereditas
636 729 733 763 non
759 712 979 763 conceffit
1007 728 1023 770 3
1057 709 1259 760 fortunas
1293 706 1325 757 fi
1356 724 1452 757 non
1478 705 1618 758 saecu·

90 774 154 833 ln,
192 777 318 828 certe
351 779 509 829 animi.
597 781 725 831 Hinc
754 777 930 845 sapiens
960 778 1008 828 id
1045 777 1437 842 Philosophorum
1465 791 1616 840 quon·-

89 840 233 894 dam:
271 846 525 898 consultius
557 847 841 911 medioc1·e8‚
877 850 1014 913 quam
1038 846 1285 896 immensas
1320 843 1491 893 habere
1520 841 1617 893 for·

90 921 239 964 tunas.
330 915 446 965 Fere
471 915 594 966 enim
613 933 706 982 quo
731 917 835 982 plus
861 912 965 966 sum
989 928 1113 982 pot-:e
1136 949 1150 974 ‚
1187 916 1292 980 plus
1326 910 1540 960 sitiuntur
1568 926 1618 974 af·

87 996 206 1046 quae.
288 982 396 1035 Imo
426 980 478 1033 &
509 983 732 1033 vitiorum
768 983 975 1037 fomenta
1002 982 1295 1035 fortunarum
1327 977 1431 1029 sunt
1463 980 1616 1032 incre·

87 1063 260 1102 menta.
329 1051 452 1119 Quid
468 1052 645 1105 neceffe
674 1051 741 1102 est
766 1052 823 1102 ad
858 1052 1037 1104 metalla
1066 1047 1264 1117 teipsum
1289 1048 1528 1109 damnare,
1557 1058 1617 1095 ut

86 1119 258 1193 metalli
282 1119 470 1187 glebam
492 1119 658 1173 inferas
696 1121 823 1188 gazis
849 1121 871 1169 ?
906 1118 1162 1185 Prodigere
1187 1117 1418 1184 optimam
1441 1127 1619 1168 morta-

82 1184 143 1235 hs
171 1187 277 1236 vitae
302 1202 483 1253 partem
500 1228 512 1251 ,
547 1189 884 1247 valetudinem,
913 1189 1118 1252 viresque
1139 1198 1214 1236 aut
1247 1185 1461 1253 frangere
1479 1220 1494 1247 ,
1536 1191 1618 1234 aut

85 1266 196 1304 ante
218 1268 405 1323 tempus
441 1254 727 1311 consumere.
780 1256 935 1308 Genio
955 1295 970 1319 ‚
1019 1255 1133 1305 dum
1172 1266 1330 1316 vacat,
1363 1251 1458 1302 lita.
1528 1249 1617 1300 Vi·

86 1320 198 1372 deas
226 1341 310 1389 per
347 1322 562 1379 sexcenta
612 1327 752 1376 maris
792 1326 1000 1391 pericula
1027 1322 1286 1372 institorem
1312 1355 1326 1381 ‚
1385 1318 1435 1369 in
1475 1333 1616 1369 arena

85 1389 398 1456 gladiatorem
424 1392 484 1444 ad
517 1394 665 1456 majus
688 1394 947 1459 periculum
971 1407 1132 1450 ruere,
1166 1390 1308 1440 vitam
1341 1385 1614 1454 prodigere,

81 1471 330 1526 utrumque
366 1460 674 1512 nundinandae
711 1463 809 1519 rei,
858 1478 958 1526 quae
997 1460 1097 1509 vitae
1123 1456 1263 1523 ipsius
1295 1454 1514 1515 tuendae‚
1557 1447 1616 1503 St

81 1529 388 1596 prorogandae
414 1531 555 1579 causa
584 1527 650 1578 est
683 1527 886 1579 condita.
986 1527 1031 1575 O
1063 1525 1391 1592 praeposterum
1415 1536 1615 1584 natum,

83 1591 138 1645 ἃ
166 1609 337 1646 naturae
355 1597 613 1649 conditor-is
644 1596 798 1647 ordini
828 1593 1044 1646 ordinem
1080 1594 1102 1642 ἐ’
1148 1592 1368 1658 Epibatas
1392 1589 1452 1644 ad
1487 1604 1612 1643 tran·

81 1661 169 1713 stra
196 1664 441 1717 damnatos
471 1664 658 1723 eredas,
695 1682 796 1715 non
819 1661 899 1714 suo
924 1661 1220 1730 negotiantes
1231 1701 1245 1725 ‚
1299 1660 1330 1710 si
1362 1659 1613 1710 nonnullo·

80 1748 186 1782 tum
207 1733 332 1793 vita,
368 1733 506 1782 labor
528 1767 541 1790 ,
576 1732 727 1782 studia
763 1729 1044 1796 spectentur.
1131 1730 1247 1781 Dies
1288 1730 1430 1794 operi
1451 1762 1466 1787 ‚
1522 1742 1613 1776 no·

84 1800 179 1853 &es
205 1802 328 1852 curis
350 1801 446 1851 fere
481 1801 765 1870 pervigiles:
804 1813 855 1850 ut
879 1798 1009 1849 labor
1040 1796 1208 1850 laboris
1237 1813 1335 1849 non
1363 1795 1612 1853 terminus,

77 1865 162 1920 sed
188 1866 345 1922 semen
366 1869 593 1924 videatur,
697 1866 796 1917 Sibi
834 1879 889 1918 ut
928 1867 1080 1918 vivant
1103 1901 1117 1926 ‚
1170 1864 1352 1916 conditi
1390 1862 1518 1922 sunt,
1556 1860 1612 1913 &

77 1936 281 1988 authori.
351 1937 557 1988 Authori
579 1936 827 1990 minimum
849 1971 861 1994 ‚
896 1933 976 1985 fibi
997 1951 1191 2001 parum,
1231 1932 1423 2000 posteris
1450 1932 1613 1983 vivunt

76 2006 212 2057 nihil.
288 2005 509 2057 Authoris
542 2020 746 2072 namque
785 2002 885 2054 fere
930 2003 1264 2060 immemoreS,
1302 1998 1371 2051 sui
1409 1999 1608 2060 incurii,

74 2074 372 2140 posterorum
399 2087 475 2124 aut
495 2071 681 2133 osores,
720 2071 888 2138 quibus
913 2087 996 2137 pet·
1026 2069 1095 2122 fas
1118 2068 1312 2119 &nefas
1339 2065 1610 2125 corradunt,

75 2157 155 2196 aut
178 2143 452 2202 ludibrium,
488 2141 605 2192 dum
628 2143 802 2193 alienus
817 2137 912 2190 fere
935 2137 1177 2204 improbus
1197 2135 1335 2188 sudor
1361 2136 1517 2187 alienae
1537 2133 1605 2185 est

69 2210 339 2267 fomentum
373 2210 441 2262 fin
469 2210 695 2262 socordi-se
730 2244 746 2273 ‚
796 2222 933 2274 atque
972 2207 1170 2259 licentiae
1202 2241 1218 2266 ,
1274 2204 1400 2258 certe
1439 2201 1606 2273 pasfim

72 2279 424 2351 ingratitudinis
453 2277 506 2331 &
525 2278 846 2344 contemptus.

468 2387 638 2448 PRo
710 2387 930 2446 N1-:oo
953 2400 1032 2443 ‘rt
1055 2397 1222 2442 osis

71 2493 322 2606 ACtum
361 2495 423 2548 de
445 2497 534 2548 vita
563 2496 825 2547 mortalium
853 2528 868 2552 ‚
900 2494 1004 2547 imo
1041 2506 1146 2545 toto
1179 2491 1246 2544 est
1271 2487 1386 2541 orbe
1407 2524 1422 2550 ,
1482 2485 1517 2538 si
1554 2501 1606 2535 o·

204 2565 322 2614 tium
356 2566 607 2615 amuletum
628 2566 726 2615 vitae
752 2563 921 2614 edicas.
961 2563 1117 2617 Chara
1131 2578 1221 2628 pax
1249 2557 1467 2610 omnibus
1490 2554 1607 2606 sem·

70 2648 185 2699 per,
225 2629 420 2683 invisum
445 2632 633 2683 bellum.
685 2636 820 2683 Errat
840 2645 994 2682 tamen
1015 2670 1028 2695 ‚
1091 2631 1169 2696 qui
1199 2628 1444 2698 negotium
1467 2621 1605 2682 belli,

71 2699 220 2762 otium
244 2702 373 2765 pacis
398 2699 667 2768 symbolum
709 2700 892 2750 dixerit.
973 2698 1178 2750 Facessat
1227 2697 1434 2747 humana
1469 2689 1607 2741 indu·

69 2766 202 2831 stria,
234 2770 340 2822 vitae
381 2786 485 2825 non
527 2769 681 2823 dicam
715 2766 968 2821 commoda
996 2806 1014 2833 ‚
1047 2764 1387 2836 sed‘alimenta
1406 2797 1421 2823 ‚
1460 2758 1608 2877 sinus

752 2839 797 2891 Α
832 2851 872 2897 4
1415 2830 1464 2898 ip
1486 2843 1545 2888 ²2
