1832 3151
541 91 1111 181 ffisswffssssss
1409 98 1517 174 183

75 200 276 264 privatus
300 213 445 263 ορες,
490 198 544 250 ὃ(
575 201 848 270 dignitatem
879 215 1046 270 nuget,
1093 198 1143 250 &
1171 199 1331 252 natur&
1357 197 1449 250 sese
1472 198 1588 251 inli-

70 267 194 316 beris
222 268 533 332 multiplicat,
582 286 635 317 ac
666 283 901 336 propagat
919 288 934 327 3
969 271 1044 320 vel
1071 268 1184 318 dum
1216 269 1338 317 cives
1374 269 1588 320 colonias

72 335 283 391 ducunt,
324 333 517 399 opibus,
542 335 748 387 libertate
767 376 781 398 ,
812 336 1069 404 religione,
1099 339 1172 386 vel
1204 337 1288 384 alia
1329 339 1461 386 causa
1484 339 1590 387 alie-

72 404 161 465 ΕΗ,
198 419 295 467 quae
339 403 498 453 omnia
521 403 581 454 ad
619 403 922 473 dignitatem,
958 402 1011 453 &
1048 404 1386 455 incrementum
1417 405 1590 471 Reipu-

76 471 205 523 blicae
233 468 427 520 faciunt.
803 507 805 511 -

177 541 410 588 Externus
433 537 497 589 est
516 573 528 596 ‚
564 540 674 590 cum
700 540 923 605 Principis
954 540 1093 605 operss
1122 538 1369 589 Provinciae
1388 578 1401 601 ‚
1431 538 1593 592 civita*-

66 619 165 668 te8‚
203 618 279 654 aut
309 605 447 657 fundi
484 608 762 672 Reipublicae
801 607 1106 672 adjiciuntur,
1152 604 1240 656 five
1266 606 1315 655 id
1343 606 1415 657 fiat
1441 607 1586 666 bello,

64 689 142 724 aut
173 671 416 725 deditione
439 672 691 740 spontanea
709 695 724 736 3
761 673 852 726 five
889 676 1088 726 coloniis
1116 712 1130 738 ,
1182 673 1232 725 &
1268 673 1502 735 adificiis,
1531 675 1589 725 fit

61 739 292 792 faciebant
327 744 556 803 Romani,
598 744 705 793 cum
736 743 850 793 vicia
880 760 1023 812 regna
1059 744 1106 794 in
1144 743 1427 793 Provinciam
1459 742 1588 792 redi·

62 823 253 877 ἔειπες,
295 812 515 861 Romanis
537 813 736 861 coloniis
770 810 917 863 duffls
951 843 968 871 ,
1001 813 1415 862 PraetoriRomano
1437 806 1591 861 subes-

66 877 111 927 se
131 876 349 944 jusserunt
372 898 384 929 t
416 878 506 928 {ive
526 879 719 931 demum
739 877 816 930 fiat
836 879 1104 945 emptione,
1138 897 1190 929 ac
1219 879 1407 929 unione.

167 948 299 996 Alius
333 947 683 1012 Rempublicam
724 948 928 1014 augendi
961 946 1132 998 modus
1171 947 1238 996 est
1260 982 1273 1006 ,
1309 945 1340 996 fi
1368 947 1587 1012 Princeps

56 1015 349 1065 Provinciam
380 1017 505 1066 colat
542 1015 796 1065 amaenitate
829 1015 924 1065 loci
953 1052 967 1077 ‚
1014 1015 1097 1065 arti
1123 1015 1196 1065 vel
1229 1027 1396 1065 naturae
1415 1015 1542 1064 aust}
1561 1031 1582 1074 ;

55 1079 89 1130 fi
114 1083 360 1133 commoda
387 1081 437 1132 ἃ
464 1083 705 1133 utilitatem
727 1081 911 1133 advenis
931 1096 1186 1148 proponat,
1222 1081 1480 1133 advehendi
1495 1098 1586 1148 op-

54 1151 350 1217 portunitate
390 1150 660 1209 constituta,
700 1165 853 1199 rerum
883 1150 1159 1205 abnndantia
1196 1150 1357 1199 iisdem
1388 1152 1580 1210 curati,

59 1216 160 1268 esca
181 1219 536 1283 quodammodo
556 1254 571 1280 ‚
588 1215 796 1268 &illicio
817 1218 983 1268 iisdem
1002 1217 1157 1285 posito
1182 1235 1262 1284 per
1283 1217 1576 1280 libertatem,

55 1285 370 1338 immunitates
387 1323 400 1347 ‚
435 1285 488 1338 ὃ(
516 1286 757 1354 privilegia
791 1286 966 1336 artibus
987 1324 1000 1348 ,
1029 1285 1081 1336 &
1109 1299 1372 1336 mercaturae
1401 1302 1583 1353 propo·

57 1353 134 1404 {ita
170 1389 184 1413 ‚
239 1354 405 1419 quibus
442 1354 664 1422 quantum
714 1355 911 1405 creverit
945 1354 1121 1415 Ruffia,
1165 1356 1485 1422 Angelorum,
1527 1350 1583 1404 St

56 1423 392 1472 Hollandorum
424 1424 707 1473 advenarum
730 1419 914 1473 accursu
938 1457 952 1483 ,
986 1440 1130 1474 aevum
1150 1423 1358 1472 nostrum
1378 1422 1581 1472 testatur.

53 1490 302 1540 Accedunt
323 1491 488 1540 artium
505 1525 522 1555 ‚
556 1488 609 1539 &
636 1489 887 1540 studiorum
925 1491 1158 1554 emporia,
1185 1488 1238 1540 &
1261 1489 1493 1545 Athama,
1514 1487 1578 1539 ad

54 1573 153 1623 quae
194 1556 591 1624 frequentiffimus
632 1557 921 1620 Nationum‚
965 1556 1316 1609 &sNobilitatis
1344 1558 1430 1609 effe
1458 1556 1581 1609 solet

52 1625 314 1676 concursus.
383 1627 647 1691 Principum
674 1626 783 1675 item
807 1625 1166 1683 rjacaecaesarum
1192 1625 1321 1677 sedes
1338 1663 1349 1685 ‚
1386 1627 1459 1677 vel
1480 1643 1581 1675 cer-

49 1707 95 1742 te
131 1695 384 1746 Provinciae
426 1694 659 1744 Praefidum
697 1693 962 1757 confilium,
1022 1694 1100 1743 ubi
1136 1696 1208 1756 jus
1241 1693 1474 1744 summum
1502 1693 1579 1742 di-

51 1776 211 1822 catur3
251 1763 398 1812 aulam
430 1762 554 1812 enim
580 1798 591 1821 ,
638 1760 689 1811 ἃ
715 1763 986 1826 potestatem
1025 1762 1251 1812 summam
1284 1760 1409 1827 Requi
1435 1761 1575 1829 quem

51 1829 277 1894 plurimos
311 1832 417 1881 cum
443 1844 697 1897 oporteat,·
731 1829 804 1879 seu
847 1829 1024 1892 officii,
1067 1826 1146 1880 seu
1168 1830 1440 1881 necessitatis
1465 1846 1574 1880 cau-

50 1899 100 1946 sa
122 1932 134 1956 ,
174 1897 374 1948 crescere
408 1898 701 1950 Provinciam
735 1898 905 1962 opibus
931 1896 1230 1948 necessarium
1266 1898 1359 1956 est,
1397 1911 1468 1948 tot
1490 1896 1573 1948 ad·

47 1980 263 2014 venarum
294 1966 527 2016 concursu.
609 1968 789 2016 Vienna
830 1966 954 2018 testis
987 1965 1040 2015 fit
1065 2001 1079 2025 ‚
1122 1968 1195 2016 vel
1243 1967 1380 2016 unius
1423 1964 1573 2017 saeculi

47 2031 205 2095 cursu,
244 2048 337 2083 tam
368 2034 450 2083 fibi
475 2033 852 2103 magnificentia,
892 2033 944 2084 ἃ
977 2034 1216 2100 opulentia
1237 2034 1312 2083 ffia
1345 2034 1572 2084 diffimiiis

14 2100 264 2163 reddita,
317 2120 412 2153 non
452 2104 542 2152 alio
582 2102 729 2170 magiS
768 2101 918 2152 studio
947 2141 961 2166 ‚
1013 2103 1156 2169 quum
1210 2103 1313 2168 quia
1360 2102 1572 2153 constans

48 2170 483 2238 Augustiffimorum
508 2169 737 2221 Caeffirum
770 2169 917 2220 sedes.

152 2239 270 2296 His,
305 2239 527 2301 inquam,
559 2240 808 2288 momentis
845 2235 1104 2302 servandae,
1141 2236 1196 2289 δε
1239 2235 1575 2304 amplificandae

45 2303 326 2370 Reipublicae
348 2305 473 2357 suam
499 2306 612 2359 boni
638 2307 876 2372 Principes
895 2308 1051 2358 locent
1066 2324 1257 2374 operam
1281 2342 1294 2365 ,
1330 2307 1381 2357 ut
1396 2305 1568 2372 quibus

48 2369 137 2421 sola
173 2371 277 2421 boni
299 2375 469 2438 pablici
488 2375 601 2425 ratio
620 2376 748 2429 cordi
772 2374 823 2424 &
851 2393 969 2427 curae
996 2376 1073 2426 est.
1145 2376 1294 2426 Aliter
1318 2374 1570 2442 Tyrannis,

47 2456 141 2504 quae
163 2439 240 2488 fibi
276 2442 450 2491 tantum
487 2442 638 2493 studet
660 2478 672 2502 ,
714 2441 766 2491 &
803 2441 935 2493 fastis
966 2460 1068 2494 non
1100 2444 1312 2509 privatim
1348 2446 1569 2493 duntaxat

45 2507 199 2569 malis,
243 2506 322 2557 sed
368 2507 422 2558 &
462 2510 656 2575 publico
699 2511 882 2561 nocivis
928 2509 981 2560 ἃ
1022 2513 1174 2562 noxiis
1213 2510 1567 2577 Rempublicaru

45 2576 214 2640 perdit.
285 2579 396 2628 Haec
425 2578 501 2639 ina
532 2578 596 2628 est
626 2579 804 2643 vipera,
846 2596 945 2645 quae
976 2577 1069 2630 {inu
1094 2578 1372 2646 Reipublicae
1397 2595 1566 2628 conce-

45 2656 126 2708 pta
157 2645 306 2694 lucem
340 2645 468 2711 prius
504 2663 601 2696 non
639 2646 762 2697 videt
801 2681 817 2710 ‚
880 2649 1021 2713 quim
1059 2647 1172 2698 sicut
1207 2649 1364 2712 vipera
1400 2647 1566 2697 Matris

47 2711 150 2761 alvo
179 2711 405 2778 disrupta,
442 2713 502 2764 fic
529 2713 810 2782 Reipublicae
848 2715 1029 2766 excidio
1062 2716 1296 2783 Tyrannic
1335 2713 1571 2785 grassatur.

43 2780 190 2830 Amor
229 2781 524 2847 Principem,
561 2782 800 2834 crudelitas
826 2798 1074 2852 tyrannum
1107 2784 1373 2840 constituit3
1409 2781 1569 2845 unde,

718 2853 774 2902 M
812 2864 846 2915 4
1372 2851 1484 2916 quid
