1781 3151
500 75 1075 166 wemmaessa
1430 98 1509 163 17

75 199 170 235 non
187 181 280 232 sine
297 181 470 233 faenore
487 183 599 233 dum
619 184 999 249 partitm·exte1·is
1021 183 1244 251 Patria‚&
1268 186 1424 240 alienis
1448 188 1496 241 se
1526 188 1596 239 di-

74 266 175 302 tans
192 248 234 298 se
250 250 337 301 una
364 251 728 303 felicemreddit.
751 252 866 301 Non
896 269 1104 301 memoro
1127 255 1464 307 adamantinam
1487 261 1597 309 Pro·

70 319 322 370 vinciarum
339 321 716 381 conjunctionem
738 336 750 378 3
783 337 877 369 non
892 320 978 370 alio
995 320 1141 386 magis
1165 323 1592 376 stabilienda-meon·

69 386 196 448 filio,
233 405 373 452 quam
407 388 713 440 mercatur-32?
750 389 877 452 Quid
918 406 1057 452 porro
1093 388 1296 440 felicitati
1337 393 1590 456 optabilius

68 472 271 521 unquam
294 496 307 518 ‚
339 473 396 504 eo
427 456 775 505 provinciarum
814 455 985 504 faedere
1015 456 1074 506 sic
1116 459 1300 508 animos
1325 461 1591 523 vinciente,

68 537 121 573 ut
143 541 216 572 res
252 523 302 573 ἃ
334 521 436 590 spes
472 525 630 580 Patriae
674 543 838 574 omncs
874 525 971 588 pari
1006 525 1134 574 lance
1171 526 1408 579 librentur.
1499 534 1589 582 Ec·

67 591 179 656 quid
212 609 357 658 porro
394 591 450 641 ab
483 592 568 642 hac
602 592 822 641 felicitate
845 596 996 642 metfis
1025 593 1256 644 redundet
1285 597 1333 645 in
1358 599 1587 649 aemulos?

66 659 196 727 Quid
232 660 361 710 enim
396 662 701 710 mercantium
746 663 844 709 vela
885 676 1050 728 paveat
1093 663 1269 712 bostis?
1306 665 1430 732 Qiid
1457 684 1588 718 com-

67 727 221 779 modis
256 727 346 777 suis
389 728 665 778 studentium
699 729 884 779 cont-iiia
926 742 1130 778 vereatur
1165 731 1401 782 Bellona?
1454 735 1585 801 Quid

64 796 222 856 Mars,
262 795 384 845 ferro
410 815 460 847 ac
486 798 682 846 flammis
710 812 936 853 armatus,
973 797 1172 848 imbellia
1198 799 1422 851 mercium
1453 804 1585 870 plau·

60 862 170 926 stra,
210 866 398 915 Oceano
419 866 696 915 circumasta
724 864 1012 923 exhorreat?

399 963 560 1024 PRo
609 963 1224 1026 FORTlTUDINE.

61 1059 279 1168 ILlustre
313 1085 488 1117 nomen
526 1067 754 1126 felicitas,
789 1083 884 1117 non
922 1081 1079 1116 tamen
1116 1063 1368 1132 separabile
1411 1068 1458 1120 in
1497 1070 1583 1122 Re·

135 1134 322 1197 publica
347 1138 371 1184 a
398 1135 672 1186 fortitudine
707 1171 718 1193 ,
773 1146 909 1200 atque
949 1135 1064 1185 adeo
1108 1136 1406 1190 aemulantum
1431 1154 1579 1190 metu.

57 1200 224 1251 Nemo
266 1202 409 1263 felix,
444 1203 534 1253 nisi
571 1219 710 1267 quem
755 1217 960 1253 vereatur
992 1215 1164 1252 tentare
1203 1207 1404 1256 aemulus.
1478 1207 1580 1258 Stat

52 1264 244 1321 felicitas
274 1273 431 1321 Patriae
458 1271 749 1321 commerciis
777 1271 1024 1335 praesertim
1043 1271 1280 1321 maritimis
1296 1306 1313 1334 ,ξ
1347 1272 1477 1338 quod
1492 1275 1581 1325 do·

0 1347 2 1392 ξ
54 1337 120 1385 mi
140 1336 231 1388 suae
261 1341 388 1389 nacla
417 1340 571 1390 omnia
600 1379 611 1402 ,
643 1341 773 1388 alieni
805 1339 962 1392 minus
996 1357 1139 1406 egens
1180 1335 1392 1401 subsidii,
1438 1342 1574 1395 domi

51 1422 111 1456 na
143 1408 295 1475 magis
316 1411 454 1473 quam
491 1407 613 1458 serva
643 1426 654 1458 ε
697 1408 824 1472 quod
858 1408 1134 1472 Reipublicae
1172 1405 1394 1474 sanguiue
1432 1428 1576 1474 pecu·

46 1475 122 1523 nia
156 1476 374 1539 locuples
401 1496 413 1527 ε
460 1476 590 1544 quod
614 1478 874 1529 animorum
894 1474 1060 1524 faedere
1092 1473 1271 1524 sociata.
1363 1477 1574 1541 Eadem,

48 1541 166 1591 mihi
197 1542 359 1605 crede,
395 1546 549 1596 metfis
579 1544 626 1593 in
647 1544 835 1593 aemulos
859 1578 871 1601 ,
908 1544 1016 1606 quia
1041 1542 1328 1599 fortitudinis
1364 1561 1577 1599 momen·

49 1622 96 1659 ta
123 1612 488 1676 quam-optima.
575 1613 724 1661 Dotes
748 1609 849 1660 sunt
892 1611 1168 1675 Reipublicae
1194 1646 1206 1669 ‚
1262 1609 1313 1660 ὅ(
1341 1611 1442 1662 orbi
1473 1633 1572 1669 non

1 1719 3 1721 .
49 1679 268 1728 terrendo
302 1680 552 1740 duntaxat,
586 1677 664 1729 sed
704 1676 936 1728 fraenaudo
969 1696 1117 1745 pares.
1194 1679 1423 1731 Metuitur
1444 1680 1570 1745 fere,

2 1776 5 1779 -
47 1747 125 1809 qui
161 1746 222 1796 fic
259 1744 405 1796 affluit
431 1749 546 1810 suis,
579 1762 632 1797 ut
659 1747 816 1797 alienis
843 1764 930 1796 nec
957 1745 1160 1797 crescere
1191 1748 1353 1811 possa,
1378 1767 1465 1802 nec
1495 1769 1571 1804 ve·

42 1815 100 1864 lit
135 1817 483 1867 emolumentis.
541 1816 619 1865 Sic
671 1814 867 1880 pavendi
901 1816 1031 1864 omni
1070 1815 1306 1882 quondam
1345 1819 1573 1872 Mediter-

49 1899 192 1933 raneo
219 1885 428 1934 Baleares
446 1921 458 1944 ‚
493 1882 858 1934 Bononiensibus
887 1885 1053 1934 Veneti
1077 1921 1089 1947 ,
1127 1881 1363 1936 Hetruscis
1384 1889 1568 1940 Genua·

46 1966 134 2001 tea.
205 1955 442 2005 Brittones
477 1953 665 2003 demum
699 1952 816 2000 Galli
849 1948 901 2000 &
937 1954 1076 2020 Angli
1119 1956 1388 2003 temeratori
1421 1959 1569 2010 cuivis

40 2016 189 2084 suppa
206 2037 278 2069 res
291 2019 412 2072 faffl.
479 2028 659 2073 Aurum
685 2020 946 2070 animorum
961 2020 1178 2085 philtrum
1194 2059 1207 2083 ‚
1220 2020 1329 2070 belli
1349 2023 1569 2089 animam,

49 2085 102 2136 &
133 2106 188 2138 ro
201 2087 285 2137 bur
309 2090 523 2140 nominat
556 2089 698 2150 orbiS,
766 2087 922 2141 Habes
939 2089 1064 2141 hunc
1096 2106 1120 2137 a
1139 2091 1438 2141 commerciis
1464 2113 1572 2146 ner.

48 2172 172 2206 vum.
251 2157 342 2207 Sed
367 2156 419 2207 ὃ(
451 2158 799 2208 provinciarum
837 2158 1089 2207 concordia
1129 2158 1200 2210 vel
1234 2156 1455 2222 stabilita,
1492 2164 1564 2217 vel

47 2226 175 2275 aucta
202 2226 528 2288 commerciis,
563 2225 761 2287 robori,
800 2239 937 2291 atque
963 2224 1083 2277 adeo
1124 2225 1269 2275 metui
1301 2225 1434 2280 servit
1466 2248 1565 2282 am.

44 2292 200 2357 plius,
239 2295 377 2360 quam
396 2293 616 2345 felicitati.
686 2293 972 2344 faederatum
1003 2311 1108 2344 cum
1142 2295 1316 2362 Anglia
1349 2298 1565 2367 Belgium

43 2359 389 2412 Mediterraneo
422 2363 670 2413 dominans
711 2363 822 2411 dum
861 2361 1034 2428 spectat
1067 2361 1198 2412 orbis
1219 2399 1232 2422 ,
1267 2367 1432 2416 aemulo
1464 2370 1563 2419 cui·

42 2429 110 2477 vis
133 2427 302 2493 suppar
328 2445 526 2481 veretur.
593 2430 846 2495 Nunquam
871 2432 1070 2482 Galliam
1101 2432 1194 2481 hoc
1216 2430 1317 2496 ipso
1343 2451 1440 2485 aevo
1465 2442 1563 2488 An·

45 2497 133 2565 glis
156 2532 168 2556 ,
204 2498 470 2562 Hollandis‚
506 2500 675 2557 Italiae‚
711 2496 944 2558 Hispaniae
968 2534 982 2557 ,
1027 2498 1191 2549 Rheno
1235 2535 1247 2558 ‚
1294 2497 1347 2549 &
1391 2505 1559 2569 Belgio

42 2581 140 2614 non
162 2568 370 2615 aemulam
404 2567 550 2617 modo
572 2607 584 2630 ,
622 2566 699 2618 sed
723 2567 1017 2618 metuendam
1037 2567 1226 2620 miratus
1248 2568 1378 2620 orbis
1391 2570 1561 2638 fuisset,

41 2632 131 2683 uisi
166 2633 326 2691 Presti,
364 2636 560 2686 Telonis
580 2635 737 2686 Martii
762 2671 774 2694 ,
812 2632 865 2684 δ(
897 2635 1106 2686 Maffiliae
1145 2638 1560 2691 mercimoniorum

42 2699 239 2751 stabilita
273 2703 528 2755 floruissent
566 2703 861 2758 commercia.
937 2703 1063 2772 Qtid
1096 2706 1223 2756 Mars
1256 2745 1269 2770 ‚
1326 2704 1450 2759 ferro
1501 2726 1556 2760 ae

38 2767 238 2819 flammis
282 2772 472 2822 onustus
505 2771 706 2823 imbellia
755 2771 982 2825 mercium
1023 2772 1221 2840 plaustra
1253 2776 1450 2827 Oceano
1473 2778 1558 2827 cir·

89 2855 186 2897 Phil.
203 2859 344 2896 Morum
361 2863 452 2899 Pan
463 2861 532 2900 ΠΙ,
769 2841 807 2890 Β
1361 2857 1491 2895 Cum·
