1832 3151
0 130 3 183 r

0 186 2 271 !

569 96 1137 187 ἕθὲ(0)ἕ<ἒ-Ξὲ
1401 128 1518 188 203

87 205 169 267 qui
197 203 374 254 metuit.
440 204 712 269 Impavidus
738 203 835 254 esto
860 206 1080 270 Princeps
1102 242 1116 267 ,
1151 206 1366 258 durando
1397 212 1611 277 amplius,

91 275 228 335 quam
253 273 558 340 repugnando
585 273 800 323 celeriter
823 310 835 335 ,
884 274 1095 334 injuriam
1142 278 1320 328 minues
1348 296 1361 337 ;
1401 294 1613 330 contem·

90 352 201 405 ptus
226 340 444 390 cordatus
469 338 691 402 viridi&a‚
724 337 840 391 risus
864 340 1105 391 seditionis
1134 345 1216 394 erit
1260 346 1456 395 victoria.
1523 353 1611 399 Re·

83 406 285 458 luctatur
301 407 433 473 plebs
448 405 590 458 fraeuo
614 408 855 474 tantisper,
895 411 946 460 ut
971 408 1184 477 sonipes3
1224 427 1266 462 at
1289 412 1472 463 labente
1490 430 1608 466 tem-

90 492 236 540 pore,
274 477 390 525 dum
415 474 689 541 obsequatur
711 513 723 538 ,
761 478 873 543 quid
897 477 1034 528 refert
1048 497 1228 531 arenam
1250 484 1376 530 calce
1399 486 1609 542 ejusdem

88 542 265 594 turbari
288 543 543 594 nonnihil?
581 549 809 596 Furorem
835 545 994 596 [cufim
1016 545 1182 617 stangit
1216 548 1384 609 sessor,
1421 569 1520 602 non
1545 552 1610 603 fe-

88 611 332 662 stinatione
356 612 556 676 praecoci
586 631 602 671 ⁴,
650 614 773 664 cedit
797 612 879 664 suo
909 617 1047 666 etiam
1077 618 1164 680 juri
1206 653 1216 680 2
1251 632 1302 667 ut
1333 636 1440 668 cum
1469 619 1610 671 faeno-

80 697 139 730 >te
169 680 393 746 deinceps
421 695 602 750 augeat.
674 686 805 732 Paret
828 698 1066 748 tempore,
1108 683 1158 733 ἃ
1190 686 1355 751 plebs,
1391 686 1500 737 cum
1525 690 1609 738 im-

85 765 254 812 petum
281 749 439 817 fregit.
504 750 616 799 Vim
658 751 736 817 qui
763 751 992 800 celeritate
1030 765 1175 803 tentat
1208 789 1219 812 ,
1256 754 1430 823 stringit
1452 795 1464 817 ,
1511 774 1609 808 non

86 815 250 866 flec'tit.
305 817 475 867 Nolim
500 831 655 868 tamen
677 819 929 870 colluvioni
957 820 1243 881 Maiestatem
1276 824 1497 887 principis
1522 824 1611 874 ob-

84 884 179 947 jiei.
246 886 584 937 Diffimulanda
617 905 714 938 non
752 888 872 938 nihil
912 885 1073 938 sereno
1118 892 1244 939 vultu
1273 890 1374 940 sunt
1407 893 1607 943 vulnera.

85 956 214 1002 Tum
235 955 360 1020 quod
385 956 685 1022 congenitum
710 957 856 1022 vulgo
883 958 993 1024 gelu
1026 954 1249 1019 solvatur,
1298 958 1378 1008 ubi
1410 959 1487 1008 hic
1539 959 1609 1012 sol

81 1021 272 1086 arridet,
310 1038 360 1074 ut
376 1025 471 1085 jam
494 1023 692 1073 deleclet
710 1042 896 1090 parcre,
936 1025 1011 1076 cui
1039 1026 1259 1076 obluflari
1278 1026 1440 1091 pudet.
1483 1032 1607 1080 Tum

81 1091 216 1155 quod
244 1090 351 1141 risui
373 1094 547 1142 zemulis
566 1127 578 1151 ,
614 1091 768 1142 dolori
790 1093 872 1143 fibi
894 1093 1086 1152 maiori3
1123 1092 1173 1144 δί
1204 1096 1376 1144 malum
1402 1098 1492 1157 jam
1520 1096 1605 1148 du-

81 1161 193 1224 plex
219 1159 300 1220 fit,
331 1159 450 1210 ferre
471 1160 689 1211 nonnihil
718 1163 889 1212 malum
911 1177 997 1212 nec
1019 1159 1159 1222 scire,
1198 1179 1285 1213 nec
1316 1165 1442 1214 velle.
1476 1167 1608 1218 Dan·

81 1227 198 1277 dum
225 1229 420 1295 ingeniis
443 1230 505 1279 est
530 1229 734 1295 aliquid,
770 1231 1001 1296 praecipua
1022 1233 1296 1297 regnantum
1329 1231 1441 1282 dote
1464 1272 1476 1295 ,
1520 1233 1608 1284 dist

84 1295 360 1347 fimulando.
431 1297 625 1349 Cedunt
652 1298 809 1349 sereno
830 1298 1138 1364 frequentiuS,
1183 1317 1280 1366 quae
1313 1299 1504 1351 turbido
1534 1303 1608 1355 vix

82 1365 317 1417 ceffiffem.
397 1369 526 1418 Pacis
563 1368 708 1436 gratia
732 1366 1071 1435 indulgendum
1095 1383 1192 1417 non
1213 1367 1330 1418 nihil
1349 1371 1608 1437 temporis;

79 1451 188 1485 nam
214 1453 340 1484 mora
374 1433 468 1502 ipsa
500 1436 699 1502 periculi
732 1435 994 1486 remedium
1037 1435 1094 1484 eb
1123 1434 1243 1502 saepe
1284 1437 1453 1488 certius
1487 1438 1602 1502 fuit,

82 1502 179 1568 qno
203 1504 373 1554 certius
409 1502 746 1555 benevolentiae
764 1543 777 1566 ,
817 1502 867 1553 ἃ
889 1500 1193 1569 providentiae
1212 1504 1438 1566 indicium
1465 1525 1476 1556 t
1512 1509 1605 1558 Eu*

76 1572 182 1638 tipo
203 1572 365 1622 aemula
383 1571 499 1622 dum
510 1573 687 1638 rapitur
708 1573 854 1640 plebS,
874 1574 1062 1634 irruere,
1075 1572 1170 1636 quo
1187 1572 1432 1639 providum
1451 1576 1603 1627 minus

78 1657 139 1690 eo
157 1638 339 1707 sapiens
362 1641 532 1694 minius
547 1641 626 1692 est.
656 1643 984 1692 Gladiatorum
1001 1640 1068 1690 est
1082 1639 1321 1692 confilium
1339 1642 1381 1692 in
1399 1659 1533 1693 arena
1551 1642 1605 1694 ὅτ

81 1709 311 1774 capessere
324 1745 337 1769 ,
354 1709 405 1759 &
419 1711 600 1778 exequi,
618 1727 716 1761 non
739 1711 1024 1776 Principum.
1060 1710 1325 1775 Juventutis
1342 1710 1418 1760 hic
1435 1709 1509 1761 sco
1517 1730 1603 1778 pu·

76 1780 151 1827 lus
176 1798 273 1829 non
304 1779 509 1843 virtutis,
545 1797 685 1845 quam
725 1777 1038 1844 experientia,
1091 1778 1206 1828 ratio
1232 1816 1243 1842 ,
1281 1777 1519 1835 consilium
1552 1778 1605 1831 &

74 1845 281 1910 format,
319 1845 374 1897 ὃς
424 1847 592 1899 firmat.
663 1847 884 1914 QiisquiS
928 1845 1068 1898 nimis
1115 1847 1209 1896 cito
1245 1846 1396 1914 sopire
1433 1845 1601 1900 febrim

81 1917 241 1983 cupit,
297 1931 456 1986 auget.
526 1917 656 1983 Ignis
690 1917 841 1967 fatuus
868 1915 1075 1968 celeritas
1120 1914 1184 1964 est
1207 1960 1220 1980 ‚
1256 1917 1453 1966 comites
1491 1931 1602 1968 cum

76 1984 336 2051 ignominia
367 1988 415 2034 in
451 1984 672 2047 felicitas,
712 2003 818 2036 cum
843 1984 1076 2036 dedecore
1107 2000 1256 2049 error,
1292 1983 1383 2034 siue
1426 1983 1605 2038 misera-

76 2056 207 2105 tione
248 2054 399 2104 dolor.
473 2053 726 2104 Emendari
775 2053 897 2104 enim
948 2054 1025 2103 vix
1071 2051 1253 2118 possunt
1293 2053 1603 2118 praeci-pitata,

76 2124 183 2190 quia
213 2140 267 2172 ex
303 2124 394 2172 alto
424 2123 602 2190 rapitur
621 2122 839 2188 impetuS.
912 2119 1097 2172 Gressus
1118 2121 1283 2171 lentior
1315 2124 1474 2171 contra
1497 2124 1604 2188 quia

76 2190 296 2258 regressui
325 2189 524 2256 spatium
547 2191 746 2257 praebet,
774 2193 896 2242 malo
933 2190 1072 2241 tutius
1099 2190 1359 2246 cicatricem
1391 2190 1601 2240 obducit.

72 2257 195 2310 Non
234 2260 417 2310 vincere
447 2260 695 2319 duntaxat,
729 2260 854 2325 quod
891 2258 1023 2309 novit
1054 2256 1105 2308 &
1144 2256 1296 2308 bellua
1327 2276 1341 2316 ·,
1385 2256 1465 2308 sed
1509 2256 1605 2310 fin&

76 2329 150 2378 vel
182 2327 466 2392 discrimine,
507 2330 578 2378 vel
613 2327 842 2396 sanguine
877 2329 1059 2379 vincere
1082 2362 1094 2384 ,
1134 2327 1260 2376 laudi
1295 2325 1502 2376 dandum
1535 2326 1600 2378 est

76 2396 301 2460 Principi.
369 2394 695 2446 cunetationis
721 2397 818 2447 haec
848 2396 936 2446 dos
961 2394 1051 2457 est,
1090 2392 1142 2444 &
1171 2394 1471 2461 stratagema,
1501 2413 1600 2446 non

75 2464 335 2515 celeritatis.
416 2464 608 2514 Gladius
635 2464 873 2513 dicebatur
903 2466 1061 2513 Romae
1097 2465 1349 2514 Marcellus
1376 2502 1388 2525 ,
1424 2461 1604 2513 scutum

76 2533 320 2584 cunc'tator
349 2531 519 2582 Fabius
551 2571 563 2593 ,
611 2530 781 2581 merito
827 2533 1095 2597 praeplacuit
1133 2529 1228 2581 iste.
1298 2530 1599 2581 Periculosius

76 2602 160 2651 iter
185 2601 399 2658 nullum,
436 2619 487 2650 ac
517 2599 776 2657 seditionis3
833 2601 954 2650 lente
988 2617 1093 2650 cum
1128 2596 1351 2650 testudine
1380 2600 1605 2666 gradien-

78 2669 220 2731 dum,
254 2669 521 2733 ubieunque
555 2668 789 2719 cunclatio
836 2668 1060 2726 adfuerit,
1099 2666 1177 2717 sub
1208 2666 1341 2716 scuto
1382 2668 1598 2731 Princeps

78 2738 181 2786 erit.
252 2740 420 2786 Tentat
452 2738 659 2788 celeritas
684 2736 968 2801 frequentius
999 2738 1160 2803 plura,
1201 2752 1301 2800 quae
1335 2734 1425 2785 nisi
1453 2735 1600 2785 confi·

80 2806 143 2854 lio
176 2804 362 2872 pondus
386 2805 583 2858 habeant
609 2840 624 2867 ,
659 2805 966 2857 inconstantia
994 2805 1090 2871 pari
1124 2803 1405 2856 dilabuntur.
1437 2871 1454 2919 l
1479 2805 1603 2855 Nou

1457 2889 1532 2925 an·
