1832 3151
522 92 1094 184 ffico>ffl
1384 112 1488 177 155

53 201 233 254 nemini
264 202 521 256 aulicorum
553 200 599 251 se
618 200 754 250 instar
780 201 1056 252 Macedonis
1083 216 1194 269 erga
1216 201 1464 256 Clitum&
1480 209 1574 257 He-

53 270 348 336 phestionem
385 270 566 323 facilem
584 269 723 320 nimis
753 268 1048 329 exhibend03
1090 266 1338 335 praelertim
1364 309 1375 332 ,
1417 275 1448 325 si
1472 275 1573 340 quis

53 339 238 406 audax,
277 342 338 392 de
368 340 470 402 vili,
499 355 655 388 rerum
683 353 783 388 non
807 334 913 386 satis
939 338 1115 403 peritus
1135 377 1148 401 ,
1185 342 1256 388 vel
1291 339 1340 391 in
1367 341 1575 394 deterio-

55 423 102 458 ra
122 410 417 477 propendens
439 425 452 467 3
488 407 536 457 fit
561 405 686 457 bene
714 403 929 456 observat
952 405 1181 456 Contzen.
1201 408 1232 454 l.
1256 419 1298 464 8,
1321 425 1363 463 c.
1385 427 1427 469 4.
1452 413 1573 479 Qiia

58 493 144 541 per
164 474 499 543 Philosophum
526 492 570 540 5.
595 476 694 526 Pol.
714 491 756 524 c.
786 489 805 522 1
822 490 864 524 t.
895 475 1156 524 communis
1186 475 1478 543 principatus
1501 493 1578 531 cu-

56 543 208 596 stodia
232 545 298 596 est
316 580 329 604 ‚
363 544 604 595 neminem
628 560 776 593 unum
808 543 946 593 nimis
974 559 1193 612 magnum
1219 540 1385 598 facere.

165 612 433 665 Secundum
470 611 755 662 authoritatis
784 610 996 678 parandae
1026 609 1235 661 medium
1268 614 1332 664 est
1374 619 1587 682 potentia

59 679 279 746 Imperii,
320 699 419 747 quae
450 679 635 748 proprie
667 679 730 729 est
739 680 974 746 facultas,
1016 682 1214 746 propria
1237 679 1461 743 servandi
1489 700 1578 750 pez·

57 753 212 803 media
248 751 444 812 idonea,
477 746 535 799 Εἴ
571 749 724 798 aliena
756 745 997 798 obtinendi
1030 765 1126 797 cum
1141 750 1274 813 jure.
1343 755 1504 802 Parum
1537 772 1583 804 e-

68 820 168 870 nim
191 818 401 870 videmus
424 816 694 868 dominatus
716 817 833 867 inter
866 816 1112 867 animantia
1147 815 1358 870 obtinere
1381 837 1460 880 ea,
1481 838 1584 886 quae

56 887 263 939 imbellia
294 885 395 939 sunt
419 885 608 935 viribus.
685 884 775 935 Sed
810 884 868 934 de
903 884 996 935 hoc
1031 884 1231 934 breviter
1266 903 1401 953 agam
1422 926 1434 950 ‚
1473 889 1585 940 etim

61 955 123 1005 de
153 954 314 1017 bello;
356 954 464 1005 cum
497 953 662 1004 iisdem
708 952 920 1018 potentia
954 965 1143 1019 paretur
1182 954 1380 1020 mediis,
1416 957 1586 1024 quibus

60 1023 237 1076 bellum
268 1023 471 1092 geritur,
505 1020 558 1070 ὃ(
586 1035 900 1087 promovetur.

167 1093 329 1142 Tertia
342 1089 400 1141 ad
425 1090 754 1142 authoritatem
786 1092 856 1140 via
879 1086 979 1138 sunt
1002 1106 1148 1139 mores
1175 1090 1464 1155 imperantis.
1517 1094 1580 1145 Hi

60 1157 170 1211 sunt
200 1158 415 1226 duplices
440 1195 454 1219 ‚
486 1161 697 1220 interni,
733 1157 880 1224 quiin
910 1159 1102 1216 animo3
1142 1165 1332 1210 externi
1362 1196 1375 1220 ‚
1420 1162 1496 1226 qui
1531 1163 1581 1213 in

62 1245 263 1294 corpore
289 1226 501 1279 resident.
553 1228 624 1277 Illi
654 1224 762 1276 sunt
789 1226 978 1276 virtutes
1003 1262 1014 1281 ,
1051 1223 1295 1290 praestrtim
1336 1230 1582 1294 providen-

62 1297 124 1348 tia
142 1331 155 1355 ‚
190 1314 246 1348 ac
275 1298 425 1362 pictas
447 1332 460 1356 ,
497 1293 549 1345 &
571 1295 741 1363 religio
763 1329 775 1353 ,
802 1312 901 1361 quae
923 1295 1158 1343 vinculum
1192 1295 1255 1344 est
1280 1294 1417 1359 fidei,
1440 1296 1489 1348 ἃ
1505 1298 1588 1356 hu·

64 1382 208 1430 manae
238 1363 504 1423 societatis3
540 1363 636 1415 haec
671 1365 795 1414 enim
833 1360 978 1413 sancit
1004 1361 1168 1412 foedera
1188 1401 1202 1425 ,
1238 1362 1290 1412 δι
1317 1366 1459 1416 ιιεξὶίῐ
1492 1368 1587 1418 ani.

63 1451 187 1484 mos.
256 1432 353 1484 Ubi
382 1435 543 1484 contre
565 1431 805 1499 religionis
839 1432 903 1482 est
931 1430 1161 1481 diversitas
1185 1467 1197 1491 ,
1226 1432 1300 1482 alii
1329 1434 1442 1484 alios
1464 1438 1590 1487 velut

53 1501 244 1568 impios
267 1499 579 1558 adversantur,
664 1503 725 1550 Et
763 1517 864 1564 quae
885 1497 960 1561 sit,
986 1498 1154 1548 amab&
1178 1535 1190 1558 ‚
1231 1499 1426 1555 societas
1448 1539 1460 1562 ‚
1510 1520 1591 1557 aut

57 1569 271 1625 ,amicitia
299 1570 429 1620 inter*
453 1567 612 1620 cives?
648 1566 935 1620 observantia
968 1567 1015 1616 in
1049 1566 1308 1636 Principem
1342 1572 1459 1622 inter
1484 1571 1589 1625 sub·

67 1638 237 1690 ditos?
273 1639 452 1689 Merito
486 1635 698 1703 Lipsius:
732 1637 1004 1704 religionem
1034 1639 1237 1701 evertit,
1289 1643 1488 1709 quisquis
1531 1646 1585 1693 liz

72 1706 304 1758 bertatem
315 1707 497 1757 inducit
515 1742 527 1765 ,
567 1724 622 1755 ex
645 1722 731 1773 qua
751 1705 946 1771 conflfio
969 1745 982 1766 ‚
1021 1703 1073 1754 &
1089 1722 1381 1771 contemptus.
1424 1713 1588 1763 Poten-

66 1776 260 1827 tiffimus
288 1793 459 1843 nempe
487 1775 552 1824 est
585 1773 825 1842 religionis
853 1771 1040 1824 affec'tus
1067 1773 1125 1822 ad
1150 1775 1440 1840 audendum,
1481 1780 1591 1831 etim

68 1843 346 1895 adversarius
384 1843 523 1894 adest.
594 1845 655 1891 Et
683 1859 781 1906 quae
806 1838 883 1890 hic
910 1842 1161 1902 Maiestatis
1191 1841 1401 1897 securitas
1427 1849 1449 1896 ?
1495 1850 1590 1899 cui·

67 1929 253 1978 cunque
285 1914 407 1964 enim
427 1911 575 1961 faveat
595 1945 607 1967 ‚
646 1905 958 1960 adversantem
980 1924 1160 1974 partem
1186 1910 1351 1965 sentiet
1381 1916 1587 1968 alteram.

73 1981 169 2031 ado
190 1981 489 2033 Providentia:
513 1995 670 2029 comes
701 1977 764 2027 est
791 1977 1006 2028 industria
1039 1980 1260 2047 Principis
1285 2020 1297 2044 ‚
1358 1982 1408 2033 ὃ(
1438 1988 1592 2053 Magi·

66 2049 320 2108 stratuum3
355 2066 454 2112 quae
487 2045 521 2098 si
552 2044 772 2113 sapientia
813 2047 917 2095 nixa
934 2044 1014 2104 sit,
1057 2045 1170 2098 lalus
1203 2050 1328 2102 adest
1355 2052 1590 2118 Reipubli-

70 2135 162 2176 (κς
199 2117 230 2166 fi
265 2116 499 2183 vigilantia
530 2114 774 2173 fulciatur,
813 2111 1057 2164 securitate
1093 2115 1198 2167 beat
1230 2119 1374 2182 cives,
1411 2135 1588 2174 terrore

67 2184 225 2236 hostes
257 2200 474 2235 exarmat.
550 2189 775 2234 Externos
801 2200 982 2241 mores,
1019 2183 1195 2249 species
1223 2188 1461 2253 corporis,
1485 2194 1592 2242 Ma·

66 2254 202 2317 jestas
226 2251 392 2304 frontis
415 2290 428 2314 ‚
462 2270 559 2303 non
581 2251 770 2312 acerba,
805 2253 877 2302 vel
897 2250 1070 2316 affusa,
1107 2251 1184 2304 sed
1206 2259 1377 2306 matut-2⁴1
1397 2259 1588 2309 comita·

70 2335 117 2371 te
153 2322 302 2387 gravis
329 2322 502 2381 efficit3
535 2339 669 2386 quam
692 2339 798 2370 cum
826 2320 1068 2371 velocitate
1107 2324 1304 2393 ingenii,
1343 2323 1393 2375 &
1423 2339 1591 2381 natur-2

72 2389 258 2441 dotibus
282 2408 380 2441 non
403 2404 639 2440 vereantur
667 2385 856 2450 subditi,
888 2388 964 2438 sed
995 2408 1301 2454 revereantur,

175 2458 502 2508 Bene-volentia
547 2455 763 2506 definitur
803 2458 828 2505 ὲ
852 2458 998 2518 Lipsio
1026 2478 1072 2517 4.
1097 2464 1194 2512 Pol.
1224 2473 1266 2517 8.
1297 2459 1586 2516 subditorum

71 2523 122 2575 in
144 2527 318 2592 Regem
336 2561 349 2584 ,
387 2529 574 2589 ejusque
598 2525 764 2574 statum
790 2540 1008 2591 prompta
1041 2529 1274 2580 inclinatio
1296 2565 1308 2588 ,
1351 2527 1403 2579 ἃ
1441 2550 1589 2585 arnor.

74 2593 217 2644 Hunc
244 2593 434 2644 Civium
467 2610 670 2644 amorem
699 2592 1056 2663 inexpugnabile
1077 2597 1305 2662 Principis
1333 2602 1593 2652 munimen-

71 2673 170 2710 tum
208 2663 418 2712 nominat
458 2663 560 2712 Sav.
605 2659 767 2727 Symb.
810 2672 885 2721 38.
921 2662 1034 2713 Tria
1075 2666 1270 2715 eandem
1305 2666 1587 2734 Reipublieae

68 2745 366 2794 comparant:
400 2731 595 2790 lenitas,
633 2728 926 2794 beneficentia
948 2773 962 2795 ‚
999 2733 1303 2801 indulgentia.
1401 2738 1588 2790 Lenita-

65 2806 162 2853 tem
187 2796 333 2863 fasta,
365 2796 419 2856 ἃ
439 2797 576 2854 verba
603 2797 833 2868 probent,
865 2800 1024 2852 omnia
1058 2802 1181 2853 velut
1201 2801 1352 2857 sereni
1377 2807 1512 2867 eceli,
1530 2806 1588 2861 &⁴

1358 2874 1517 2929 riden-
