<?xml version="1.0" encoding="UTF-8"?>
<!DOCTYPE html PUBLIC "-//W3C//DTD XHTML 1.0 Transitional//EN"
    "http://www.w3.org/TR/xhtml1/DTD/xhtml1-transitional.dtd">
<html xmlns="http://www.w3.org/1999/xhtml" xml:lang="en" lang="en">
 <head>
  <title>
</title>
<meta http-equiv="Content-Type" content="text/html;charset=utf-8" />
  <meta name='ocr-system' content='tesseract 3.04.00' />
  <meta name='ocr-capabilities' content='ocr_page ocr_carea ocr_par ocr_line ocrx_word'/>
</head>
<body>
  <div class='ocr_page' id='page_1' title='image "./ideasapientisthe00vano_0209.png"; bbox 0 0 1832 3151; ppageno 0'>
   <div class='ocr_carea' id='block_1_1' title="bbox 484 106 1470 197">
    <p class='ocr_par' dir='ltr' id='par_1_1' title="bbox 484 106 1470 197">
     <span class='ocr_line' id='line_1_1' title="bbox 484 106 1470 197; baseline -0.011 1"><span class='ocrx_word' id='word_1_1' title='bbox 484 106 1058 197; x_wconf 47' lang='lat' dir='ltr'>fflwm‘ssss}</span> <span class='ocrx_word' id='word_1_2' title='bbox 1400 125 1470 187; x_wconf 83' lang='lat'>59</span> 
     </span>
    </p>
   </div>
   <div class='ocr_carea' id='block_1_2' title="bbox 37 215 1559 424">
    <p class='ocr_par' dir='ltr' id='par_1_2' title="bbox 37 215 1559 424">
     <span class='ocr_line' id='line_1_2' title="bbox 37 215 1548 288; baseline -0.001 -17"><span class='ocrx_word' id='word_1_3' title='bbox 37 220 228 288; x_wconf 69' lang='lat' dir='ltr'>publice</span> <span class='ocrx_word' id='word_1_4' title='bbox 248 238 261 270; x_wconf 92' lang='lat'>.·</span> <span class='ocrx_word' id='word_1_5' title='bbox 284 235 385 285; x_wconf 82' lang='lat' dir='ltr'>quae</span> <span class='ocrx_word' id='word_1_6' title='bbox 412 221 562 280; x_wconf 72' lang='lat' dir='ltr'>maior</span> <span class='ocrx_word' id='word_1_7' title='bbox 593 217 657 267; x_wconf 88' lang='lat' dir='ltr'>est</span> <span class='ocrx_word' id='word_1_8' title='bbox 677 215 858 266; x_wconf 69' lang='lat' dir='ltr'>familia.</span> <span class='ocrx_word' id='word_1_9' title='bbox 932 219 1040 268; x_wconf 79' lang='lat' dir='ltr'>Una</span> <span class='ocrx_word' id='word_1_10' title='bbox 1076 217 1267 280; x_wconf 82' lang='lat' dir='ltr'>corpori</span> <span class='ocrx_word' id='word_1_11' title='bbox 1298 219 1446 267; x_wconf 83' lang='lat' dir='ltr'>anima</span> <span class='ocrx_word' id='word_1_12' title='bbox 1472 221 1548 280; x_wconf 85' lang='lat' dir='ltr'>est,</span> 
     </span>
     <span class='ocr_line' id='line_1_3' title="bbox 40 287 1559 350; baseline -0.001 -11"><span class='ocrx_word' id='word_1_13' title='bbox 40 290 166 339; x_wconf 86' lang='lat' dir='ltr'>unde</span> <span class='ocrx_word' id='word_1_14' title='bbox 196 289 346 338; x_wconf 83' lang='lat' dir='ltr'>Tacit.</span> <span class='ocrx_word' id='word_1_15' title='bbox 385 305 426 338; x_wconf 90' lang='lat'>1.</span> <span class='ocrx_word' id='word_1_16' title='bbox 461 290 626 337; x_wconf 86' lang='lat' dir='ltr'>Anual.</span> <span class='ocrx_word' id='word_1_17' title='bbox 659 303 802 336; x_wconf 86' lang='lat' dir='ltr'>unum</span> <span class='ocrx_word' id='word_1_18' title='bbox 834 287 1017 349; x_wconf 87' lang='lat' dir='ltr'>imperii</span> <span class='ocrx_word' id='word_1_19' title='bbox 1043 303 1213 350; x_wconf 85' lang='lat' dir='ltr'>corpus</span> <span class='ocrx_word' id='word_1_20' title='bbox 1241 288 1372 334; x_wconf 86' lang='lat' dir='ltr'>unius</span> <span class='ocrx_word' id='word_1_21' title='bbox 1399 289 1455 337; x_wconf 88' lang='lat' dir='ltr'>ad</span> <span class='ocrx_word' id='word_1_22' title='bbox 1480 307 1559 338; x_wconf 90' lang='lat' dir='ltr'>nu-</span> 
     </span>
     <span class='ocr_line' id='line_1_4' title="bbox 41 352 1558 424; baseline -0.001 -17"><span class='ocrx_word' id='word_1_23' title='bbox 41 372 141 407; x_wconf 80' lang='lat' dir='ltr'>tum</span> <span class='ocrx_word' id='word_1_24' title='bbox 171 357 426 424; x_wconf 84' lang='lat' dir='ltr'>regendum</span> <span class='ocrx_word' id='word_1_25' title='bbox 448 355 646 405; x_wconf 84' lang='lat' dir='ltr'>videtur.</span> <span class='ocrx_word' id='word_1_26' title='bbox 716 358 850 404; x_wconf 82' lang='lat' dir='ltr'>Bruta</span> <span class='ocrx_word' id='word_1_27' title='bbox 875 352 968 418; x_wconf 70' lang='lat' dir='ltr'>ipsa</span> <span class='ocrx_word' id='word_1_28' title='bbox 993 355 1161 405; x_wconf 80' lang='lat' dir='ltr'>ducem</span> <span class='ocrx_word' id='word_1_29' title='bbox 1201 371 1343 403; x_wconf 86' lang='lat' dir='ltr'>unum</span> <span class='ocrx_word' id='word_1_30' title='bbox 1367 374 1381 414; x_wconf 78' lang='lat'>3</span> <span class='ocrx_word' id='word_1_31' title='bbox 1419 375 1558 423; x_wconf 84' lang='lat' dir='ltr'>apum</span> 
     </span>
    </p>
   </div>
   <div class='ocr_carea' id='block_1_3' title="bbox 18 421 1323 491">
    <p class='ocr_par' dir='ltr' id='par_1_3' title="bbox 18 421 1323 491">
     <span class='ocr_line' id='line_1_5' title="bbox 18 421 1323 491; baseline -0.003 -17"><span class='ocrx_word' id='word_1_32' title='bbox 18 423 310 491; x_wconf 86' lang='lat' dir='ltr'>·Respublica</span> <span class='ocrx_word' id='word_1_33' title='bbox 333 441 477 473; x_wconf 88' lang='lat' dir='ltr'>unum</span> <span class='ocrx_word' id='word_1_34' title='bbox 496 421 696 488; x_wconf 84' lang='lat' dir='ltr'>sequitur</span> <span class='ocrx_word' id='word_1_35' title='bbox 726 423 1012 488; x_wconf 81' lang='lat' dir='ltr'>Principem,</span> <span class='ocrx_word' id='word_1_36' title='bbox 1049 424 1110 472; x_wconf 69' lang='lat' dir='ltr'>ita</span> <span class='ocrx_word' id='word_1_37' title='bbox 1144 422 1323 472; x_wconf 77' lang='lat' dir='ltr'>Plinius.</span> 
     </span>
    </p>
   </div>
   <div class='ocr_carea' id='block_1_4' title="bbox 33 489 1564 1586">
    <p class='ocr_par' dir='ltr' id='par_1_4' title="bbox 37 489 1561 1109">
     <span class='ocr_line' id='line_1_6' title="bbox 141 489 1561 543; baseline -0.001 0"><span class='ocrx_word' id='word_1_38' title='bbox 141 495 263 543; x_wconf 87' lang='lat' dir='ltr'>Hinc</span> <span class='ocrx_word' id='word_1_39' title='bbox 284 492 455 542; x_wconf 61' lang='lat' dir='ltr'>factum</span> <span class='ocrx_word' id='word_1_40' title='bbox 485 491 781 542; x_wconf 75' lang='lat' dir='ltr'>secundotut</span> <span class='ocrx_word' id='word_1_41' title='bbox 809 490 864 540; x_wconf 86' lang='lat' dir='ltr'>ab</span> <span class='ocrx_word' id='word_1_42' title='bbox 892 493 1023 541; x_wconf 89' lang='lat' dir='ltr'>omui</span> <span class='ocrx_word' id='word_1_43' title='bbox 1051 508 1150 541; x_wconf 78' lang='lat' dir='ltr'>aevo</span> <span class='ocrx_word' id='word_1_44' title='bbox 1172 489 1268 540; x_wconf 74' lang='lat' dir='ltr'>haec</span> <span class='ocrx_word' id='word_1_45' title='bbox 1292 490 1561 542; x_wconf 72' lang='lat' dir='ltr'>divinissima</span> 
     </span>
     <span class='ocr_line' id='line_1_7' title="bbox 39 560 1558 630; baseline 0.001 -20"><span class='ocrx_word' id='word_1_46' title='bbox 39 560 330 630; x_wconf 86' lang='lat' dir='ltr'>gubernandi</span> <span class='ocrx_word' id='word_1_47' title='bbox 355 579 521 611; x_wconf 84' lang='lat' dir='ltr'>norma</span> <span class='ocrx_word' id='word_1_48' title='bbox 543 560 765 629; x_wconf 89' lang='lat' dir='ltr'>gentibus</span> <span class='ocrx_word' id='word_1_49' title='bbox 794 560 988 626; x_wconf 78' lang='lat' dir='ltr'>probata</span> <span class='ocrx_word' id='word_1_50' title='bbox 1013 560 1065 611; x_wconf 81' lang='lat' dir='ltr'>fit</span> <span class='ocrx_word' id='word_1_51' title='bbox 1090 578 1184 628; x_wconf 79' lang='lat' dir='ltr'>prae</span> <span class='ocrx_word' id='word_1_52' title='bbox 1214 563 1399 611; x_wconf 79' lang='lat' dir='ltr'>caeteris.</span> <span class='ocrx_word' id='word_1_53' title='bbox 1422 562 1558 612; x_wconf 80' lang='lat' dir='ltr'>Arist.</span> 
     </span>
     <span class='ocr_line' id='line_1_8' title="bbox 37 629 1558 697; baseline 0.001 -20"><span class='ocrx_word' id='word_1_54' title='bbox 37 642 86 690; x_wconf 85' lang='lat'>4.</span> <span class='ocrx_word' id='word_1_55' title='bbox 123 631 216 680; x_wconf 84' lang='lat' dir='ltr'>Pol.</span> <span class='ocrx_word' id='word_1_56' title='bbox 247 647 286 678; x_wconf 90' lang='lat' dir='ltr'>c.</span> <span class='ocrx_word' id='word_1_57' title='bbox 321 647 366 678; x_wconf 90' lang='lat'>2.</span> <span class='ocrx_word' id='word_1_58' title='bbox 397 629 635 697; x_wconf 79' lang='lat' dir='ltr'>Principio</span> <span class='ocrx_word' id='word_1_59' title='bbox 655 633 772 679; x_wconf 82' lang='lat' dir='ltr'>enim</span> <span class='ocrx_word' id='word_1_60' title='bbox 797 647 953 678; x_wconf 74' lang='lat' dir='ltr'>rerum</span> <span class='ocrx_word' id='word_1_61' title='bbox 981 672 993 694; x_wconf 87' lang='lat'><em>‚</em></span> <span class='ocrx_word' id='word_1_62' title='bbox 1023 634 1229 696; x_wconf 64' lang='lat' dir='ltr'>gentium</span> <span class='ocrx_word' id='word_1_63' title='bbox 1250 669 1263 691; x_wconf 87' lang='lat'><em>‚</em></span> <span class='ocrx_word' id='word_1_64' title='bbox 1303 632 1558 680; x_wconf 71' lang='lat' dir='ltr'>natiomim-</span> 
     </span>
     <span class='ocr_line' id='line_1_9' title="bbox 39 698 1558 767; baseline 0.002 -22"><span class='ocrx_word' id='word_1_65' title='bbox 39 714 121 763; x_wconf 82' lang='lat' dir='ltr'>que</span> <span class='ocrx_word' id='word_1_66' title='bbox 154 701 397 759; x_wconf 81' lang='lat' dir='ltr'>imperium</span> <span class='ocrx_word' id='word_1_67' title='bbox 414 715 550 764; x_wconf 80' lang='lat' dir='ltr'>penes</span> <span class='ocrx_word' id='word_1_68' title='bbox 582 699 726 766; x_wconf 81' lang='lat' dir='ltr'><em>Reges</em></span> <span class='ocrx_word' id='word_1_69' title='bbox 754 715 871 747; x_wconf 79' lang='lat' dir='ltr'>erat.</span> <span class='ocrx_word' id='word_1_70' title='bbox 908 702 977 747; x_wconf 87' lang='lat' dir='ltr'>Ita</span> <span class='ocrx_word' id='word_1_71' title='bbox 1006 699 1211 767; x_wconf 87' lang='lat' dir='ltr'>Justinus</span> <span class='ocrx_word' id='word_1_72' title='bbox 1233 698 1261 745; x_wconf 87' lang='lat' dir='ltr'>l.</span> <span class='ocrx_word' id='word_1_73' title='bbox 1295 714 1334 747; x_wconf 89' lang='lat'>1.</span> <span class='ocrx_word' id='word_1_74' title='bbox 1369 699 1445 748; x_wconf 81' lang='lat' dir='ltr'>Sic</span> <span class='ocrx_word' id='word_1_75' title='bbox 1474 716 1558 766; x_wconf 76' lang='lat' dir='ltr'>gu·</span> 
     </span>
     <span class='ocr_line' id='line_1_10' title="bbox 38 764 1558 835; baseline 0.002 -21"><span class='ocrx_word' id='word_1_76' title='bbox 38 764 237 817; x_wconf 85' lang='lat' dir='ltr'>bernatae</span> <span class='ocrx_word' id='word_1_77' title='bbox 269 766 561 818; x_wconf 84' lang='lat' dir='ltr'>Monarchiae</span> <span class='ocrx_word' id='word_1_78' title='bbox 581 781 626 828; x_wconf 90' lang='lat'>4.</span> <span class='ocrx_word' id='word_1_79' title='bbox 657 767 797 816; x_wconf 87' lang='lat' dir='ltr'>totius</span> <span class='ocrx_word' id='word_1_80' title='bbox 838 766 994 826; x_wconf 81' lang='lat' dir='ltr'>orbis3</span> <span class='ocrx_word' id='word_1_81' title='bbox 1028 767 1348 835; x_wconf 66' lang='lat' dir='ltr'>Assyriorum,</span> <span class='ocrx_word' id='word_1_82' title='bbox 1389 768 1558 817; x_wconf 88' lang='lat' dir='ltr'>Medo·</span> 
     </span>
     <span class='ocr_line' id='line_1_11' title="bbox 38 833 1557 895; baseline 0.001 -12"><span class='ocrx_word' id='word_1_83' title='bbox 38 851 174 894; x_wconf 83' lang='lat' dir='ltr'>rum,</span> <span class='ocrx_word' id='word_1_84' title='bbox 210 833 284 884; x_wconf 72' lang='lat' dir='ltr'>seu</span> <span class='ocrx_word' id='word_1_85' title='bbox 311 836 573 893; x_wconf 69' lang='lat' dir='ltr'>Persarum3</span> <span class='ocrx_word' id='word_1_86' title='bbox 597 837 898 895; x_wconf 78' lang='lat' dir='ltr'>Graecorum,</span> <span class='ocrx_word' id='word_1_87' title='bbox 932 854 982 885; x_wconf 87' lang='lat' dir='ltr'>ac</span> <span class='ocrx_word' id='word_1_88' title='bbox 1005 835 1194 885; x_wconf 87' lang='lat' dir='ltr'>demum</span> <span class='ocrx_word' id='word_1_89' title='bbox 1227 837 1557 885; x_wconf 85' lang='lat' dir='ltr'>Romanorum.</span> 
     </span>
     <span class='ocr_line' id='line_1_12' title="bbox 38 903 1554 973; baseline 0 -22"><span class='ocrx_word' id='word_1_90' title='bbox 38 903 117 952; x_wconf 84' lang='lat' dir='ltr'>Sic</span> <span class='ocrx_word' id='word_1_91' title='bbox 140 905 294 967; x_wconf 67' lang='lat' dir='ltr'>aFojo</span> <span class='ocrx_word' id='word_1_92' title='bbox 323 905 449 953; x_wconf 83' lang='lat' dir='ltr'>Sinoe</span> <span class='ocrx_word' id='word_1_93' title='bbox 474 941 484 962; x_wconf 90' lang='lat'>‚</span> <span class='ocrx_word' id='word_1_94' title='bbox 525 905 548 951; x_wconf 68' lang='lat' dir='ltr'>a</span> <span class='ocrx_word' id='word_1_95' title='bbox 569 903 893 954; x_wconf 83' lang='lat' dir='ltr'>Pharamuudo</span> <span class='ocrx_word' id='word_1_96' title='bbox 913 905 1030 953; x_wconf 86' lang='lat' dir='ltr'>Galli</span> <span class='ocrx_word' id='word_1_97' title='bbox 1051 939 1064 964; x_wconf 92' lang='lat'>,</span> <span class='ocrx_word' id='word_1_98' title='bbox 1092 906 1116 953; x_wconf 70' lang='lat' dir='ltr'>a</span> <span class='ocrx_word' id='word_1_99' title='bbox 1147 904 1351 953; x_wconf 85' lang='lat' dir='ltr'>Brittone</span> <span class='ocrx_word' id='word_1_100' title='bbox 1380 905 1519 973; x_wconf 78' lang='lat' dir='ltr'>Angli</span> <span class='ocrx_word' id='word_1_101' title='bbox 1543 943 1554 966; x_wconf 88' lang='lat'><em>‚</em></span> 
     </span>
     <span class='ocr_line' id='line_1_13' title="bbox 39 971 1557 1037; baseline 0.001 -17"><span class='ocrx_word' id='word_1_102' title='bbox 39 971 100 1020; x_wconf 79' lang='lat' dir='ltr'>ab</span> <span class='ocrx_word' id='word_1_103' title='bbox 137 971 416 1022; x_wconf 78' lang='lat' dir='ltr'>Athanarico</span> <span class='ocrx_word' id='word_1_104' title='bbox 441 971 657 1037; x_wconf 81' lang='lat' dir='ltr'>Hispani,</span> <span class='ocrx_word' id='word_1_105' title='bbox 684 973 708 1019; x_wconf 74' lang='grc' dir='ltr'>ὲ</span> <span class='ocrx_word' id='word_1_106' title='bbox 729 975 868 1023; x_wconf 83' lang='lat' dir='ltr'>Dano</span> <span class='ocrx_word' id='word_1_107' title='bbox 900 974 1024 1023; x_wconf 88' lang='lat' dir='ltr'>Dani</span> <span class='ocrx_word' id='word_1_108' title='bbox 1054 1012 1065 1035; x_wconf 91' lang='lat'>,</span> <span class='ocrx_word' id='word_1_109' title='bbox 1113 974 1137 1021; x_wconf 69' lang='lat' dir='ltr'>a</span> <span class='ocrx_word' id='word_1_110' title='bbox 1161 972 1325 1021; x_wconf 87' lang='lat' dir='ltr'>Lecho</span> <span class='ocrx_word' id='word_1_111' title='bbox 1364 974 1557 1035; x_wconf 91' lang='lat' dir='ltr'>Poloni,</span> 
     </span>
     <span class='ocr_line' id='line_1_14' title="bbox 40 1039 1486 1109; baseline -0.001 -20"><span class='ocrx_word' id='word_1_112' title='bbox 40 1040 96 1089; x_wconf 86' lang='lat' dir='ltr'>ab</span> <span class='ocrx_word' id='word_1_113' title='bbox 115 1040 257 1090; x_wconf 77' lang='lat' dir='ltr'>Attila</span> <span class='ocrx_word' id='word_1_114' title='bbox 271 1042 497 1109; x_wconf 82' lang='lat' dir='ltr'>Hungari,</span> <span class='ocrx_word' id='word_1_115' title='bbox 520 1039 575 1088; x_wconf 87' lang='lat' dir='ltr'>ab</span> <span class='ocrx_word' id='word_1_116' title='bbox 611 1041 704 1088; x_wconf 86' lang='lat' dir='ltr'>aliis</span> <span class='ocrx_word' id='word_1_117' title='bbox 718 1041 791 1089; x_wconf 87' lang='lat' dir='ltr'>alii</span> <span class='ocrx_word' id='word_1_118' title='bbox 816 1042 944 1109; x_wconf 84' lang='lat' dir='ltr'>leges</span> <span class='ocrx_word' id='word_1_119' title='bbox 960 1077 974 1101; x_wconf 90' lang='lat'>‚</span> <span class='ocrx_word' id='word_1_120' title='bbox 1008 1039 1173 1102; x_wconf 80' lang='lat' dir='ltr'>&amp;jura</span> <span class='ocrx_word' id='word_1_121' title='bbox 1199 1055 1486 1106; x_wconf 87' lang='lat' dir='ltr'>acceperant.</span> 
     </span>
    </p>

    <p class='ocr_par' dir='ltr' id='par_1_5' title="bbox 33 1108 1564 1586">
     <span class='ocr_line' id='line_1_15' title="bbox 141 1108 1558 1177; baseline 0.002 -22"><span class='ocrx_word' id='word_1_122' title='bbox 141 1108 266 1177; x_wconf 75' lang='lat' dir='ltr'>Quid</span> <span class='ocrx_word' id='word_1_123' title='bbox 288 1149 299 1170; x_wconf 85' lang='lat'>,</span> <span class='ocrx_word' id='word_1_124' title='bbox 332 1109 461 1173; x_wconf 75' lang='lat' dir='ltr'>quod</span> <span class='ocrx_word' id='word_1_125' title='bbox 495 1108 742 1157; x_wconf 84' lang='lat' dir='ltr'>concordia</span> <span class='ocrx_word' id='word_1_126' title='bbox 764 1126 860 1159; x_wconf 84' lang='lat' dir='ltr'>non</span> <span class='ocrx_word' id='word_1_127' title='bbox 895 1108 998 1158; x_wconf 86' lang='lat' dir='ltr'>alibi</span> <span class='ocrx_word' id='word_1_128' title='bbox 1036 1110 1194 1160; x_wconf 84' lang='lat' dir='ltr'>floreat</span> <span class='ocrx_word' id='word_1_129' title='bbox 1216 1110 1395 1176; x_wconf 78' lang='lat' dir='ltr'>magis,</span> <span class='ocrx_word' id='word_1_130' title='bbox 1420 1111 1558 1174; x_wconf 64' lang='lat' dir='ltr'>quam</span> 
     </span>
     <span class='ocr_line' id='line_1_16' title="bbox 33 1175 1564 1243; baseline 0.001 -18"><span class='ocrx_word' id='word_1_131' title='bbox 33 1177 87 1226; x_wconf 85' lang='lat' dir='ltr'>in</span> <span class='ocrx_word' id='word_1_132' title='bbox 109 1176 418 1227; x_wconf 86' lang='lat' dir='ltr'>Monarchico</span> <span class='ocrx_word' id='word_1_133' title='bbox 446 1175 705 1243; x_wconf 82' lang='lat' dir='ltr'>Regimine.</span> <span class='ocrx_word' id='word_1_134' title='bbox 774 1180 834 1226; x_wconf 88' lang='lat' dir='ltr'>Et</span> <span class='ocrx_word' id='word_1_135' title='bbox 866 1175 983 1242; x_wconf 76' lang='lat' dir='ltr'>saepe</span> <span class='ocrx_word' id='word_1_136' title='bbox 1010 1178 1033 1227; x_wconf 76' lang='grc' dir='ltr'>ὲ</span> <span class='ocrx_word' id='word_1_137' title='bbox 1069 1191 1223 1228; x_wconf 86' lang='lat' dir='ltr'>mente</span> <span class='ocrx_word' id='word_1_138' title='bbox 1244 1178 1398 1227; x_wconf 85' lang='lat' dir='ltr'>Taciti</span> <span class='ocrx_word' id='word_1_139' title='bbox 1428 1212 1439 1234; x_wconf 89' lang='lat'>‚</span> <span class='ocrx_word' id='word_1_140' title='bbox 1475 1176 1564 1226; x_wconf 86' lang='lat' dir='ltr'>dis-</span> 
     </span>
     <span class='ocr_line' id='line_1_17' title="bbox 40 1244 1563 1311; baseline 0.001 -16"><span class='ocrx_word' id='word_1_141' title='bbox 40 1244 298 1295; x_wconf 82' lang='lat' dir='ltr'>cordiarum</span> <span class='ocrx_word' id='word_1_142' title='bbox 321 1248 340 1304; x_wconf 94' lang='lat'>(</span> <span class='ocrx_word' id='word_1_143' title='bbox 362 1262 461 1309; x_wconf 80' lang='lat' dir='ltr'>quae</span> <span class='ocrx_word' id='word_1_144' title='bbox 484 1244 824 1295; x_wconf 88' lang='lat' dir='ltr'>Provinciarum</span> <span class='ocrx_word' id='word_1_145' title='bbox 859 1247 1047 1295; x_wconf 81' lang='lat' dir='ltr'>exitium</span> <span class='ocrx_word' id='word_1_146' title='bbox 1069 1244 1210 1311; x_wconf 85' lang='lat' dir='ltr'>sunt)</span> <span class='ocrx_word' id='word_1_147' title='bbox 1245 1263 1347 1296; x_wconf 88' lang='lat' dir='ltr'>non</span> <span class='ocrx_word' id='word_1_148' title='bbox 1374 1246 1484 1296; x_wconf 82' lang='lat' dir='ltr'>alius</span> <span class='ocrx_word' id='word_1_149' title='bbox 1512 1244 1563 1296; x_wconf 81' lang='lat' dir='ltr'>sit</span> 
     </span>
     <span class='ocr_line' id='line_1_18' title="bbox 33 1311 1562 1382; baseline 0 -19"><span class='ocrx_word' id='word_1_150' title='bbox 33 1313 212 1363; x_wconf 78' lang='lat' dir='ltr'>‘modus</span> <span class='ocrx_word' id='word_1_151' title='bbox 241 1311 544 1362; x_wconf 81' lang='lat' dir='ltr'>sedandarum</span> <span class='ocrx_word' id='word_1_152' title='bbox 565 1348 577 1371; x_wconf 90' lang='lat'>,</span> <span class='ocrx_word' id='word_1_153' title='bbox 627 1313 756 1380; x_wconf 69' lang='lat' dir='ltr'>queim</span> <span class='ocrx_word' id='word_1_154' title='bbox 772 1314 826 1379; x_wconf 81' lang='lat' dir='ltr'><em>st</em></span> <span class='ocrx_word' id='word_1_155' title='bbox 848 1312 902 1362; x_wconf 84' lang='lat' dir='ltr'>ab</span> <span class='ocrx_word' id='word_1_156' title='bbox 930 1332 1015 1363; x_wconf 83' lang='lat' dir='ltr'>uno</span> <span class='ocrx_word' id='word_1_157' title='bbox 1050 1314 1215 1364; x_wconf 81' lang='lat' dir='ltr'>Patria</span> <span class='ocrx_word' id='word_1_158' title='bbox 1237 1331 1440 1382; x_wconf 78' lang='lat' dir='ltr'>regatur.</span> <span class='ocrx_word' id='word_1_159' title='bbox 1509 1317 1562 1363; x_wconf 86' lang='lat' dir='ltr'>In</span> 
     </span>
     <span class='ocr_line' id='line_1_19' title="bbox 38 1381 1563 1448; baseline -0.001 -15"><span class='ocrx_word' id='word_1_160' title='bbox 38 1382 132 1433; x_wconf 87' lang='lat' dir='ltr'>hoc</span> <span class='ocrx_word' id='word_1_161' title='bbox 159 1382 284 1432; x_wconf 86' lang='lat' dir='ltr'>enim</span> <span class='ocrx_word' id='word_1_162' title='bbox 310 1399 459 1447; x_wconf 87' lang='lat' dir='ltr'>neque</span> <span class='ocrx_word' id='word_1_163' title='bbox 487 1381 707 1448; x_wconf 84' lang='lat' dir='ltr'>Princeps</span> <span class='ocrx_word' id='word_1_164' title='bbox 737 1382 816 1431; x_wconf 89' lang='lat' dir='ltr'>ulli</span> <span class='ocrx_word' id='word_1_165' title='bbox 846 1383 1088 1448; x_wconf 86' lang='lat' dir='ltr'>quicquam</span> <span class='ocrx_word' id='word_1_166' title='bbox 1113 1383 1308 1444; x_wconf 82' lang='lat' dir='ltr'>invidet,</span> <span class='ocrx_word' id='word_1_167' title='bbox 1337 1384 1458 1430; x_wconf 83' lang='lat' dir='ltr'>velut</span> <span class='ocrx_word' id='word_1_168' title='bbox 1487 1383 1563 1448; x_wconf 85' lang='lat' dir='ltr'>qui</span> 
     </span>
     <span class='ocr_line' id='line_1_20' title="bbox 41 1448 1560 1519; baseline -0.001 -19"><span class='ocrx_word' id='word_1_169' title='bbox 41 1448 177 1516; x_wconf 87' lang='lat' dir='ltr'>supra</span> <span class='ocrx_word' id='word_1_170' title='bbox 210 1449 432 1501; x_wconf 82' lang='lat' dir='ltr'>invidiam</span> <span class='ocrx_word' id='word_1_171' title='bbox 455 1448 520 1498; x_wconf 85' lang='lat' dir='ltr'>est</span> <span class='ocrx_word' id='word_1_172' title='bbox 551 1484 566 1509; x_wconf 92' lang='lat'><strong>‚</strong></span> <span class='ocrx_word' id='word_1_173' title='bbox 597 1467 695 1515; x_wconf 81' lang='lat' dir='ltr'>quae</span> <span class='ocrx_word' id='word_1_174' title='bbox 729 1450 938 1501; x_wconf 79' lang='lat' dir='ltr'>nonnisi</span> <span class='ocrx_word' id='word_1_175' title='bbox 977 1451 1096 1501; x_wconf 88' lang='lat' dir='ltr'>inter</span> <span class='ocrx_word' id='word_1_176' title='bbox 1131 1466 1264 1516; x_wconf 83' lang='lat' dir='ltr'>pares</span> <span class='ocrx_word' id='word_1_177' title='bbox 1305 1451 1517 1519; x_wconf 74' lang='lat' dir='ltr'>graslatur</span> <span class='ocrx_word' id='word_1_178' title='bbox 1548 1470 1560 1510; x_wconf 80' lang='lat'>3</span> 
     </span>
     <span class='ocr_line' id='line_1_21' title="bbox 40 1517 1561 1586; baseline -0.001 -16"><span class='ocrx_word' id='word_1_179' title='bbox 40 1520 278 1570; x_wconf 86' lang='lat' dir='ltr'>neminem</span> <span class='ocrx_word' id='word_1_180' title='bbox 305 1519 416 1568; x_wconf 78' lang='lat' dir='ltr'>vero</span> <span class='ocrx_word' id='word_1_181' title='bbox 440 1517 774 1583; x_wconf 62' lang='lat' dir='ltr'>habet,&#39;quem</span> <span class='ocrx_word' id='word_1_182' title='bbox 802 1532 976 1569; x_wconf 87' lang='lat' dir='ltr'>metuat</span> <span class='ocrx_word' id='word_1_183' title='bbox 995 1558 1007 1582; x_wconf 91' lang='lat'>,</span> <span class='ocrx_word' id='word_1_184' title='bbox 1051 1533 1218 1585; x_wconf 86' lang='lat' dir='ltr'>utpote</span> <span class='ocrx_word' id='word_1_185' title='bbox 1252 1517 1473 1586; x_wconf 80' lang='lat' dir='ltr'>dignitate</span> <span class='ocrx_word' id='word_1_186' title='bbox 1510 1519 1561 1568; x_wconf 63' lang='lat' dir='ltr'>&amp;t</span> 
     </span>
    </p>
   </div>
   <div class='ocr_carea' id='block_1_5' title="bbox 27 1583 1560 1655">
    <p class='ocr_par' dir='ltr' id='par_1_6' title="bbox 27 1583 1560 1655">
     <span class='ocr_line' id='line_1_22' title="bbox 27 1583 1560 1655; baseline -0.001 -19"><span class='ocrx_word' id='word_1_187' title='bbox 27 1587 248 1655; x_wconf 65' lang='lat' dir='ltr'>&#39;potentia</span> <span class='ocrx_word' id='word_1_188' title='bbox 277 1583 485 1652; x_wconf 84' lang='lat' dir='ltr'>superior</span> <span class='ocrx_word' id='word_1_189' title='bbox 517 1587 760 1638; x_wconf 84' lang='lat' dir='ltr'>omnibus:</span> <span class='ocrx_word' id='word_1_190' title='bbox 799 1601 943 1653; x_wconf 83' lang='lat' dir='ltr'>atque</span> <span class='ocrx_word' id='word_1_191' title='bbox 969 1586 1084 1636; x_wconf 78' lang='lat' dir='ltr'>adeo</span> <span class='ocrx_word' id='word_1_192' title='bbox 1109 1587 1286 1650; x_wconf 78' lang='lat' dir='ltr'>justitiae</span> <span class='ocrx_word' id='word_1_193' title='bbox 1319 1585 1370 1635; x_wconf 83' lang='lat'>&amp;</span> <span class='ocrx_word' id='word_1_194' title='bbox 1405 1588 1560 1635; x_wconf 86' lang='lat' dir='ltr'>domi-</span> 
     </span>
    </p>
   </div>
   <div class='ocr_carea' id='block_1_6' title="bbox 42 1655 1564 1721">
    <p class='ocr_par' dir='ltr' id='par_1_7' title="bbox 42 1655 1564 1721">
     <span class='ocr_line' id='line_1_23' title="bbox 42 1655 1564 1721; baseline -0.001 -15"><span class='ocrx_word' id='word_1_195' title='bbox 42 1655 184 1706; x_wconf 79' lang='lat' dir='ltr'>nandi</span> <span class='ocrx_word' id='word_1_196' title='bbox 212 1673 322 1706; x_wconf 88' lang='lat' dir='ltr'>cura</span> <span class='ocrx_word' id='word_1_197' title='bbox 346 1656 411 1706; x_wconf 88' lang='lat' dir='ltr'>est</span> <span class='ocrx_word' id='word_1_198' title='bbox 434 1655 631 1718; x_wconf 82' lang='lat' dir='ltr'>certior,</span> <span class='ocrx_word' id='word_1_199' title='bbox 657 1657 764 1706; x_wconf 77' lang='lat' dir='ltr'>eum</span> <span class='ocrx_word' id='word_1_200' title='bbox 797 1673 951 1721; x_wconf 76' lang='lat' dir='ltr'>neque</span> <span class='ocrx_word' id='word_1_201' title='bbox 989 1657 1258 1721; x_wconf 73' lang='lat' dir='ltr'>corruptelae</span> <span class='ocrx_word' id='word_1_202' title='bbox 1291 1656 1564 1721; x_wconf 83' lang='lat' dir='ltr'>pecuniariae</span> 
     </span>
    </p>
   </div>
   <div class='ocr_carea' id='block_1_7' title="bbox 0 1722 1566 1859">
    <p class='ocr_par' dir='ltr' id='par_1_8' title="bbox 0 1722 1566 1859">
     <span class='ocr_line' id='line_1_24' title="bbox 0 1722 1566 1789; baseline -0.001 -16"><span class='ocrx_word' id='word_1_203' title='bbox 0 1772 4 1781; x_wconf 34' lang='lat' dir='ltr'><em>s</em></span> <span class='ocrx_word' id='word_1_204' title='bbox 40 1722 95 1773; x_wconf 82' lang='lat' dir='ltr'>fit</span> <span class='ocrx_word' id='word_1_205' title='bbox 129 1725 317 1774; x_wconf 84' lang='lat' dir='ltr'>occafin.</span> <span class='ocrx_word' id='word_1_206' title='bbox 407 1723 534 1773; x_wconf 73' lang='lat' dir='ltr'>Cum</span> <span class='ocrx_word' id='word_1_207' title='bbox 561 1724 657 1774; x_wconf 66' lang='lat' dir='ltr'>fere</span> <span class='ocrx_word' id='word_1_208' title='bbox 692 1738 787 1773; x_wconf 85' lang='lat' dir='ltr'>tam</span> <span class='ocrx_word' id='word_1_209' title='bbox 834 1724 1004 1789; x_wconf 80' lang='lat' dir='ltr'>pudeat</span> <span class='ocrx_word' id='word_1_210' title='bbox 1036 1728 1214 1789; x_wconf 84' lang='lat' dir='ltr'>Regem</span> <span class='ocrx_word' id='word_1_211' title='bbox 1255 1738 1435 1788; x_wconf 80' lang='lat' dir='ltr'>captare</span> <span class='ocrx_word' id='word_1_212' title='bbox 1468 1742 1566 1772; x_wconf 89' lang='lat' dir='ltr'>mu-</span> 
     </span>
     <span class='ocr_line' id='line_1_25' title="bbox 0 1789 1561 1859; baseline -0.003 -15"><span class='ocrx_word' id='word_1_213' title='bbox 0 1811 2 1815; x_wconf 85' lang='lat'>·</span> <span class='ocrx_word' id='word_1_214' title='bbox 40 1809 150 1844; x_wconf 80' lang='lat' dir='ltr'>nera</span> <span class='ocrx_word' id='word_1_215' title='bbox 183 1826 195 1852; x_wconf 91' lang='lat'>,</span> <span class='ocrx_word' id='word_1_216' title='bbox 227 1795 364 1857; x_wconf 70' lang='lat' dir='ltr'>quam</span> <span class='ocrx_word' id='word_1_217' title='bbox 402 1794 627 1858; x_wconf 86' lang='lat' dir='ltr'>imperare</span> <span class='ocrx_word' id='word_1_218' title='bbox 667 1793 857 1844; x_wconf 58' lang='lat' dir='ltr'>delecht</span> <span class='ocrx_word' id='word_1_219' title='bbox 892 1809 906 1850; x_wconf 77' lang='lat'>3</span> <span class='ocrx_word' id='word_1_220' title='bbox 952 1809 1005 1841; x_wconf 85' lang='lat' dir='ltr'>ac</span> <span class='ocrx_word' id='word_1_221' title='bbox 1033 1792 1232 1859; x_wconf 81' lang='lat' dir='ltr'>proinde</span> <span class='ocrx_word' id='word_1_222' title='bbox 1268 1806 1364 1841; x_wconf 73' lang='lat' dir='ltr'>tuta</span> <span class='ocrx_word' id='word_1_223' title='bbox 1396 1789 1477 1839; x_wconf 83' lang='lat' dir='ltr'>suo</span> <span class='ocrx_word' id='word_1_224' title='bbox 1517 1792 1561 1841; x_wconf 89' lang='lat' dir='ltr'>in</span> 
     </span>
    </p>
   </div>
   <div class='ocr_carea' id='block_1_8' title="bbox 41 1858 1584 2403">
    <p class='ocr_par' dir='ltr' id='par_1_9' title="bbox 41 1858 1584 2403">
     <span class='ocr_line' id='line_1_26' title="bbox 41 1858 1584 1926; baseline -0.003 -15"><span class='ocrx_word' id='word_1_225' title='bbox 41 1858 235 1911; x_wconf 63' lang='lat' dir='ltr'>fimat-io</span> <span class='ocrx_word' id='word_1_226' title='bbox 267 1861 465 1926; x_wconf 88' lang='lat' dir='ltr'>imperet</span> <span class='ocrx_word' id='word_1_227' title='bbox 489 1861 704 1918; x_wconf 84' lang='lat' dir='ltr'>Themis,</span> <span class='ocrx_word' id='word_1_228' title='bbox 734 1879 828 1923; x_wconf 68' lang='lat' dir='ltr'>quae</span> <span class='ocrx_word' id='word_1_229' title='bbox 853 1861 1059 1926; x_wconf 80' lang='lat' dir='ltr'>priv-atos</span> <span class='ocrx_word' id='word_1_230' title='bbox 1088 1863 1201 1909; x_wconf 87' lang='lat' dir='ltr'>inter</span> <span class='ocrx_word' id='word_1_231' title='bbox 1230 1861 1584 1926; x_wconf 77' lang='lat' dir='ltr'>parietesnum·.</span> 
     </span>
     <span class='ocr_line' id='line_1_27' title="bbox 43 1925 1565 1997; baseline -0.001 -18"><span class='ocrx_word' id='word_1_232' title='bbox 43 1929 213 1986; x_wconf 83' lang='lat' dir='ltr'>mulis,</span> <span class='ocrx_word' id='word_1_233' title='bbox 250 1927 491 1991; x_wconf 84' lang='lat' dir='ltr'>lepusculis</span> <span class='ocrx_word' id='word_1_234' title='bbox 512 1963 524 1985; x_wconf 89' lang='lat'>‚</span> <span class='ocrx_word' id='word_1_235' title='bbox 560 1925 613 1976; x_wconf 85' lang='lat'>&amp;</span> <span class='ocrx_word' id='word_1_236' title='bbox 647 1927 928 1979; x_wconf 80' lang='lat' dir='ltr'>munusculis</span> <span class='ocrx_word' id='word_1_237' title='bbox 959 1929 1192 1997; x_wconf 77' lang='lat' dir='ltr'>stringitur</span> <span class='ocrx_word' id='word_1_238' title='bbox 1215 1962 1230 1988; x_wconf 86' lang='lat'>‚</span> <span class='ocrx_word' id='word_1_239' title='bbox 1252 1928 1301 1976; x_wconf 67' lang='grc' dir='ltr'>ἃ</span> <span class='ocrx_word' id='word_1_240' title='bbox 1333 1945 1565 1995; x_wconf 77' lang='lat' dir='ltr'>expugna·</span> 
     </span>
     <span class='ocr_line' id='line_1_28' title="bbox 43 1995 1564 2065; baseline -0.001 -20"><span class='ocrx_word' id='word_1_241' title='bbox 43 2009 133 2046; x_wconf 87' lang='lat' dir='ltr'>tur.</span> <span class='ocrx_word' id='word_1_242' title='bbox 205 1995 429 2057; x_wconf 83' lang='lat' dir='ltr'>Accedit,</span> <span class='ocrx_word' id='word_1_243' title='bbox 465 1997 523 2046; x_wconf 87' lang='lat' dir='ltr'>sic</span> <span class='ocrx_word' id='word_1_244' title='bbox 555 1997 687 2046; x_wconf 88' lang='lat' dir='ltr'>celari</span> <span class='ocrx_word' id='word_1_245' title='bbox 709 2013 870 2048; x_wconf 84' lang='lat' dir='ltr'>arcana</span> <span class='ocrx_word' id='word_1_246' title='bbox 893 1996 1182 2047; x_wconf 77' lang='lat' dir='ltr'>confiliorum</span> <span class='ocrx_word' id='word_1_247' title='bbox 1211 1998 1392 2065; x_wconf 74' lang='lat' dir='ltr'>magis,</span> <span class='ocrx_word' id='word_1_248' title='bbox 1423 1998 1564 2061; x_wconf 67' lang='lat' dir='ltr'>quam</span> 
     </span>
     <span class='ocr_line' id='line_1_29' title="bbox 44 2062 1568 2130; baseline -0.001 -17"><span class='ocrx_word' id='word_1_249' title='bbox 44 2062 78 2113; x_wconf 81' lang='lat' dir='ltr'>si</span> <span class='ocrx_word' id='word_1_250' title='bbox 111 2064 230 2112; x_wconf 87' lang='lat' dir='ltr'>inter</span> <span class='ocrx_word' id='word_1_251' title='bbox 269 2063 423 2126; x_wconf 87' lang='lat' dir='ltr'>plures</span> <span class='ocrx_word' id='word_1_252' title='bbox 463 2077 650 2128; x_wconf 82' lang='lat' dir='ltr'>pateant</span> <span class='ocrx_word' id='word_1_253' title='bbox 680 2101 691 2123; x_wconf 89' lang='lat'>,</span> <span class='ocrx_word' id='word_1_254' title='bbox 742 2083 936 2130; x_wconf 78' lang='lat' dir='ltr'>quorum</span> <span class='ocrx_word' id='word_1_255' title='bbox 985 2063 1080 2115; x_wconf 71' lang='lat' dir='ltr'>fere</span> <span class='ocrx_word' id='word_1_256' title='bbox 1130 2067 1308 2114; x_wconf 79' lang='lat' dir='ltr'>venales</span> <span class='ocrx_word' id='word_1_257' title='bbox 1351 2065 1568 2113; x_wconf 85' lang='lat' dir='ltr'>nonnulli</span> 
     </span>
     <span class='ocr_line' id='line_1_30' title="bbox 44 2128 1566 2198; baseline 0 -17"><span class='ocrx_word' id='word_1_258' title='bbox 44 2128 187 2189; x_wconf 78' lang='lat' dir='ltr'>suut3</span> <span class='ocrx_word' id='word_1_259' title='bbox 218 2144 357 2195; x_wconf 85' lang='lat' dir='ltr'>atque</span> <span class='ocrx_word' id='word_1_260' title='bbox 386 2131 502 2180; x_wconf 79' lang='lat' dir='ltr'>adeo</span> <span class='ocrx_word' id='word_1_261' title='bbox 525 2131 733 2192; x_wconf 88' lang='lat' dir='ltr'>felicior,</span> <span class='ocrx_word' id='word_1_262' title='bbox 767 2132 816 2182; x_wconf 66' lang='grc' dir='ltr'>ἃ</span> <span class='ocrx_word' id='word_1_263' title='bbox 849 2134 1019 2184; x_wconf 79' lang='lat' dir='ltr'>certior</span> <span class='ocrx_word' id='word_1_264' title='bbox 1055 2132 1230 2198; x_wconf 81' lang='lat' dir='ltr'>semper</span> <span class='ocrx_word' id='word_1_265' title='bbox 1257 2132 1320 2182; x_wconf 87' lang='lat' dir='ltr'>est</span> <span class='ocrx_word' id='word_1_266' title='bbox 1356 2133 1566 2182; x_wconf 81' lang='lat' dir='ltr'>executio</span> 
     </span>
     <span class='ocr_line' id='line_1_31' title="bbox 43 2198 1567 2268; baseline -0.002 -17"><span class='ocrx_word' id='word_1_267' title='bbox 43 2199 344 2268; x_wconf 79' lang='lat' dir='ltr'>negotiorum</span> <span class='ocrx_word' id='word_1_268' title='bbox 363 2236 375 2258; x_wconf 93' lang='lat'>,</span> <span class='ocrx_word' id='word_1_269' title='bbox 398 2198 508 2249; x_wconf 89' lang='lat' dir='ltr'>dum</span> <span class='ocrx_word' id='word_1_270' title='bbox 533 2200 811 2251; x_wconf 82' lang='lat' dir='ltr'>authoritate</span> <span class='ocrx_word' id='word_1_271' title='bbox 835 2203 969 2251; x_wconf 87' lang='lat' dir='ltr'>unius</span> <span class='ocrx_word' id='word_1_272' title='bbox 995 2201 1168 2251; x_wconf 76' lang='lat' dir='ltr'>fraenati</span> <span class='ocrx_word' id='word_1_273' title='bbox 1192 2218 1353 2250; x_wconf 85' lang='lat' dir='ltr'>omnes</span> <span class='ocrx_word' id='word_1_274' title='bbox 1387 2217 1567 2249; x_wconf 83' lang='lat' dir='ltr'>morem</span> 
     </span>
     <span class='ocr_line' id='line_1_32' title="bbox 45 2266 1569 2338; baseline -0.001 -21"><span class='ocrx_word' id='word_1_275' title='bbox 45 2282 213 2338; x_wconf 79' lang='lat' dir='ltr'>gerunt</span> <span class='ocrx_word' id='word_1_276' title='bbox 239 2306 251 2330; x_wconf 93' lang='lat'>‚</span> <span class='ocrx_word' id='word_1_277' title='bbox 288 2266 338 2316; x_wconf 68' lang='grc' dir='ltr'>ὃ(</span> <span class='ocrx_word' id='word_1_278' title='bbox 378 2268 652 2333; x_wconf 81' lang='lat' dir='ltr'>Respublica</span> <span class='ocrx_word' id='word_1_279' title='bbox 675 2267 876 2334; x_wconf 78' lang='lat' dir='ltr'>quiescit.</span> <span class='ocrx_word' id='word_1_280' title='bbox 943 2268 1144 2319; x_wconf 77' lang='lat' dir='ltr'>Tametsi</span> <span class='ocrx_word' id='word_1_281' title='bbox 1181 2272 1301 2319; x_wconf 89' lang='lat' dir='ltr'>enim</span> <span class='ocrx_word' id='word_1_282' title='bbox 1329 2269 1465 2318; x_wconf 83' lang='lat' dir='ltr'>etiam</span> <span class='ocrx_word' id='word_1_283' title='bbox 1489 2268 1569 2316; x_wconf 77' lang='lat' dir='ltr'>hic</span> 
     </span>
     <span class='ocr_line' id='line_1_33' title="bbox 44 2335 1567 2403; baseline 0 -19"><span class='ocrx_word' id='word_1_284' title='bbox 44 2336 251 2403; x_wconf 79' lang='lat' dir='ltr'>plurium</span> <span class='ocrx_word' id='word_1_285' title='bbox 284 2335 520 2387; x_wconf 85' lang='lat' dir='ltr'>audiantur</span> <span class='ocrx_word' id='word_1_286' title='bbox 548 2337 751 2398; x_wconf 83' lang='lat' dir='ltr'>consilia,</span> <span class='ocrx_word' id='word_1_287' title='bbox 787 2357 886 2389; x_wconf 88' lang='lat' dir='ltr'>non</span> <span class='ocrx_word' id='word_1_288' title='bbox 917 2335 1072 2400; x_wconf 81' lang='lat' dir='ltr'>secus,</span> <span class='ocrx_word' id='word_1_289' title='bbox 1106 2339 1225 2388; x_wconf 89' lang='lat' dir='ltr'>acin</span> <span class='ocrx_word' id='word_1_290' title='bbox 1250 2336 1567 2394; x_wconf 77' lang='lat' dir='ltr'>Aristocratia,</span> 
     </span>
    </p>
   </div>
   <div class='ocr_carea' id='block_1_9' title="bbox 0 2404 1567 2472">
    <p class='ocr_par' dir='ltr' id='par_1_10' title="bbox 0 2404 1567 2472">
     <span class='ocr_line' id='line_1_34' title="bbox 0 2404 1567 2472; baseline -0.001 -17"><span class='ocrx_word' id='word_1_291' title='bbox 0 2426 1 2430; x_wconf 48' lang='lat'>¹</span> <span class='ocrx_word' id='word_1_292' title='bbox 47 2407 120 2455; x_wconf 89' lang='lat' dir='ltr'>vel</span> <span class='ocrx_word' id='word_1_293' title='bbox 144 2405 335 2463; x_wconf 87' lang='lat' dir='ltr'>Politia,</span> <span class='ocrx_word' id='word_1_294' title='bbox 358 2404 402 2452; x_wconf 93' lang='lat' dir='ltr'>id</span> <span class='ocrx_word' id='word_1_295' title='bbox 435 2420 586 2456; x_wconf 86' lang='lat' dir='ltr'>tamen</span> <span class='ocrx_word' id='word_1_296' title='bbox 612 2424 755 2456; x_wconf 89' lang='lat' dir='ltr'>unum</span> <span class='ocrx_word' id='word_1_297' title='bbox 790 2406 1107 2472; x_wconf 79' lang='lat' dir='ltr'>exequendum</span> <span class='ocrx_word' id='word_1_298' title='bbox 1134 2404 1412 2465; x_wconf 87' lang='lat' dir='ltr'>decernitur,</span> <span class='ocrx_word' id='word_1_299' title='bbox 1436 2404 1567 2468; x_wconf 88' lang='lat' dir='ltr'>quod</span> 
     </span>
    </p>
   </div>
   <div class='ocr_carea' id='block_1_10' title="bbox 45 2472 1569 2746">
    <p class='ocr_par' dir='ltr' id='par_1_11' title="bbox 45 2472 1569 2746">
     <span class='ocr_line' id='line_1_35' title="bbox 45 2472 1569 2539; baseline -0.002 -17"><span class='ocrx_word' id='word_1_300' title='bbox 45 2473 124 2522; x_wconf 84' lang='lat' dir='ltr'>uni</span> <span class='ocrx_word' id='word_1_301' title='bbox 162 2474 374 2522; x_wconf 89' lang='lat' dir='ltr'>omnium</span> <span class='ocrx_word' id='word_1_302' title='bbox 415 2474 615 2539; x_wconf 86' lang='lat' dir='ltr'>Principi</span> <span class='ocrx_word' id='word_1_303' title='bbox 655 2472 906 2524; x_wconf 84' lang='lat' dir='ltr'>consultius</span> <span class='ocrx_word' id='word_1_304' title='bbox 948 2473 1131 2523; x_wconf 89' lang='lat' dir='ltr'>videtur</span> <span class='ocrx_word' id='word_1_305' title='bbox 1164 2472 1217 2521; x_wconf 90' lang='lat' dir='ltr'>ad</span> <span class='ocrx_word' id='word_1_306' title='bbox 1262 2473 1569 2522; x_wconf 85' lang='lat' dir='ltr'>commodum</span> 
     </span>
     <span class='ocr_line' id='line_1_36' title="bbox 46 2540 1567 2609; baseline 0 -21"><span class='ocrx_word' id='word_1_307' title='bbox 46 2541 346 2607; x_wconf 67' lang='lat' dir='ltr'>Reipublicae.</span> <span class='ocrx_word' id='word_1_308' title='bbox 417 2542 555 2609; x_wconf 80' lang='lat' dir='ltr'>Qod</span> <span class='ocrx_word' id='word_1_309' title='bbox 575 2541 606 2590; x_wconf 90' lang='lat' dir='ltr'>si</span> <span class='ocrx_word' id='word_1_310' title='bbox 632 2543 892 2607; x_wconf 86' lang='lat' dir='ltr'>Principem</span> <span class='ocrx_word' id='word_1_311' title='bbox 913 2559 1059 2591; x_wconf 85' lang='lat' dir='ltr'>errare</span> <span class='ocrx_word' id='word_1_312' title='bbox 1079 2542 1343 2607; x_wconf 85' lang='lat' dir='ltr'>contingat,</span> <span class='ocrx_word' id='word_1_313' title='bbox 1367 2558 1468 2590; x_wconf 88' lang='lat' dir='ltr'>non</span> <span class='ocrx_word' id='word_1_314' title='bbox 1488 2540 1567 2588; x_wconf 83' lang='lat' dir='ltr'>de·</span> 
     </span>
     <span class='ocr_line' id='line_1_37' title="bbox 46 2604 1567 2678; baseline 0 -22"><span class='ocrx_word' id='word_1_315' title='bbox 46 2604 151 2659; x_wconf 87' lang='lat' dir='ltr'>sunt</span> <span class='ocrx_word' id='word_1_316' title='bbox 177 2609 409 2661; x_wconf 85' lang='lat' dir='ltr'>Ambrosii</span> <span class='ocrx_word' id='word_1_317' title='bbox 439 2648 450 2671; x_wconf 95' lang='lat'>,</span> <span class='ocrx_word' id='word_1_318' title='bbox 491 2610 543 2657; x_wconf 66' lang='grc' dir='ltr'>δί</span> <span class='ocrx_word' id='word_1_319' title='bbox 572 2607 899 2678; x_wconf 86' lang='lat' dir='ltr'>Chrysostomi</span> <span class='ocrx_word' id='word_1_320' title='bbox 923 2646 935 2670; x_wconf 94' lang='lat'>,</span> <span class='ocrx_word' id='word_1_321' title='bbox 965 2627 1065 2660; x_wconf 88' lang='lat' dir='ltr'>non</span> <span class='ocrx_word' id='word_1_322' title='bbox 1097 2607 1259 2659; x_wconf 89' lang='lat' dir='ltr'>desunt</span> <span class='ocrx_word' id='word_1_323' title='bbox 1292 2607 1567 2659; x_wconf 81' lang='lat' dir='ltr'>Ecclesiastae</span> 
     </span>
     <span class='ocr_line' id='line_1_38' title="bbox 48 2676 1569 2746; baseline -0.001 -21"><span class='ocrx_word' id='word_1_324' title='bbox 48 2678 366 2746; x_wconf 82' lang='lat' dir='ltr'>religiosiffimi</span> <span class='ocrx_word' id='word_1_325' title='bbox 389 2714 402 2738; x_wconf 93' lang='lat'>,</span> <span class='ocrx_word' id='word_1_326' title='bbox 430 2678 506 2742; x_wconf 90' lang='lat' dir='ltr'>qui</span> <span class='ocrx_word' id='word_1_327' title='bbox 538 2696 686 2743; x_wconf 88' lang='lat' dir='ltr'>neque</span> <span class='ocrx_word' id='word_1_328' title='bbox 718 2682 835 2730; x_wconf 87' lang='lat' dir='ltr'>mala</span> <span class='ocrx_word' id='word_1_329' title='bbox 862 2695 1060 2742; x_wconf 85' lang='lat' dir='ltr'>unquam</span> <span class='ocrx_word' id='word_1_330' title='bbox 1088 2676 1452 2734; x_wconf 85' lang='lat' dir='ltr'>commendent,</span> <span class='ocrx_word' id='word_1_331' title='bbox 1488 2693 1569 2724; x_wconf 90' lang='lat' dir='ltr'>ne·</span> 
     </span>
    </p>
   </div>
   <div class='ocr_carea' id='block_1_11' title="bbox 49 2744 1570 2810">
    <p class='ocr_par' dir='ltr' id='par_1_12' title="bbox 0 2740 1570 2810">
     <span class='ocr_line' id='line_1_39' title="bbox 49 2744 1570 2810; baseline -0.003 -15.125"><span class='ocrx_word' id='word_1_332' title='bbox 49 2761 136 2810; x_wconf 89' lang='lat' dir='ltr'>que</span> <span class='ocrx_word' id='word_1_333' title='bbox 169 2747 403 2797; x_wconf 82' lang='lat' dir='ltr'>veritatem</span> <span class='ocrx_word' id='word_1_334' title='bbox 441 2760 516 2796; x_wconf 86' lang='lat' dir='ltr'>aut</span> <span class='ocrx_word' id='word_1_335' title='bbox 551 2759 760 2808; x_wconf 82' lang='lat' dir='ltr'>taceant,</span> <span class='ocrx_word' id='word_1_336' title='bbox 788 2760 866 2799; x_wconf 86' lang='lat' dir='ltr'>aut</span> <span class='ocrx_word' id='word_1_337' title='bbox 912 2746 1194 2798; x_wconf 68' lang='lat' dir='ltr'>dissimulent</span> <span class='ocrx_word' id='word_1_338' title='bbox 1224 2744 1490 2797; x_wconf 70' lang='lat' dir='ltr'>sanffiffima</span> <span class='ocrx_word' id='word_1_339' title='bbox 1517 2744 1570 2792; x_wconf 91' lang='lat' dir='ltr'>li·</span> 
     </span>
    </p>
   </div>
   <div class='ocr_carea' id='block_1_12' title="bbox 50 2810 1501 2927">
    <p class='ocr_par' dir='ltr' id='par_1_13' title="bbox 50 2810 1501 2927">
     <span class='ocr_line' id='line_1_40' title="bbox 50 2810 239 2866; baseline 0.026 -6"><span class='ocrx_word' id='word_1_340' title='bbox 50 2810 239 2866; x_wconf 84' lang='lat' dir='ltr'>bertate.</span> 
     </span>
     <span class='ocr_line' id='line_1_41' title="bbox 1387 2878 1501 2927; baseline 0.009 -1"><span class='ocrx_word' id='word_1_341' title='bbox 1387 2878 1436 2926; x_wconf 90' lang='lat' dir='ltr'>N</span> <span class='ocrx_word' id='word_1_342' title='bbox 1439 2896 1501 2927; x_wconf 90' lang='lat' dir='ltr'>on</span> 
     </span>
    </p>
   </div>
  </div>
 </body>
</html>
