1832 3151
549 90 691 176 {ff}
738 95 769 169 (
815 107 857 151 0
905 91 934 171 )
984 86 1125 175 {Q}
1405 107 1478 192 53

46 199 126 246 Vae
151 194 567 246 RomaeinGracchi
592 195 822 249 seditione
841 214 896 246 ex
918 195 1053 246 servis
1080 195 1243 246 coalita
1266 196 1278 244 ,²
1299 197 1398 247 Liv.
1425 199 1455 246 l.
1474 212 1562 258 24.

46 267 130 314 Vae
152 266 409 315 Germani-33
429 260 511 313 sub
538 263 718 315 Carolo
747 266 954 332 Qinto!
986 265 1168 314 colonis
1196 282 1320 313 arma
1362 268 1560 332 gerenti»

47 331 134 382 bus
158 332 348 382 immani
387 332 728 382 Provinciarum
767 333 971 384 excidio.
1042 333 1184 384 Unde
1220 346 1342 382 certa
1370 335 1431 383 est
1457 335 1560 382 Ari·

43 400 217 450 stotelis
237 397 495 450 observatio
521 416 565 460 5.
590 403 727 450 Polit.
751 420 790 451 c.
832 417 903 451 10.
937 400 1061 469 quod
1092 418 1234 450 nemo
1263 400 1520 468 tyrannidis
1544 436 1558 460 ,

45 466 97 517 ἃ
125 467 320 533 cupidus
356 471 510 537 magis
543 468 592 518 ἃ
617 467 682 518 sui
708 471 942 536 impotens
966 469 1041 527 sit,
1078 470 1242 534 quam,
1278 471 1357 534 qui
1391 469 1557 518 condi-

39 536 166 586 tione
189 536 294 598 vili,
335 552 388 585 ac
410 536 604 603 proinde
637 538 826 598 indole,
860 554 914 588 ac
939 538 1162 606 {anguine
1182 537 1245 586 est
1269 538 1467 600 abjesto.

148 605 459 666 'fia-anaidem
490 605 659 656 dividit
686 605 994 671 Philosophus
1022 625 1068 664 4.
1095 606 1228 655 Polit.
1256 623 1297 655 c.
1335 621 1408 654 10.
1461 604 1558 653 Pri·-

30 688 162 727 mam
193 673 254 722 ait
292 690 304 720 ε
353 673 438 723 effe
475 672 777 723 barbarorum
810 716 823 738 ‚
865 677 888 723 {i
922 674 1088 740 quibus
1102 674 1326 738 Princeps
1351 674 1554 742 eligitur,

36 740 168 807 leges
194 741 475 802 statuuntur,
507 742 587 793 {ed
606 743 678 792 >ad
714 742 952 792 arbitrium
983 742 1215 808 Principis
1249 742 1408 792 violari
1453 738 1557 806 pos-

32 805 142 858 sunt
160 848 172 871 ‚
196 810 324 860 mide
348 809 591 876 despotice
619 811 669 860 hi
694 809 803 862 suos
823 811 1086 878 gubernant
1107 829 1120 868 3
1167 823 1337 874 utpote
1359 809 1407 860 in
1434 826 1555 874 quo-

35 894 140 927 rum
172 896 309 928 manu
327 876 455 944 spes,
490 897 545 929 ac
569 896 639 930 res
657 914 672 940 ‚
699 880 887 947 vitaque
910 878 1006 945 ipsa
1031 876 1324 928 subditorum
1362 877 1554 942 pendet.

39 944 177 996 2dam
210 946 498 1012 Grnorum,
527 965 647 1015 quos
671 947 953 1012 AEfitmnetas
976 946 1189 998 dicebant
1214 984 1225 1006 ‚
1273 947 1457 1014 legibus
1479 946 1558 996 ad·
1618 983 1622 985 »

32 1012 181 1064 stricte
205 1015 473 1066 viventium.
549 1017 692 1078 3tiam
734 1018 1048 1078 Dramzorum
1070 1058 1083 1078 ,
1109 1016 1184 1080 qui
1202 1054 1214 1078 ‚
1257 1014 1370 1064 ficut
1392 1014 1435 1063 vi
1470 1014 1557 1062 im=

31 1083 163 1148 perio
188 1080 292 1133 sunt
326 1085 500 1150 potiti,
536 1085 596 1134 ita
627 1086 763 1136 nullis
799 1085 981 1153 legibus
1004 1083 1201 1134 adstricti
1239 1101 1325 1147 pro
1363 1082 1556 1132 libidine

30 1147 113 1199 sua
141 1154 296 1202 omnia
331 1152 651 1204 decernebant.
737 1152 832 1204 Sed
857 1154 977 1204 inter
1005 1152 1090 1201 has
1122 1165 1212 1200 tres
1235 1150 1397 1215 primae
1428 1150 1554 1214 duae,

30 1223 174 1286 regiae
200 1222 441 1287 potestates
464 1221 621 1286 potius
653 1219 888 1272 dieendae:
917 1234 1013 1271 tum
1037 1218 1165 1286 quod
1192 1219 1454 1268 volentibus
1467 1218 1557 1265 im-

29 1302 225 1353 perent3
253 1302 352 1338 tum
394 1290 526 1356 quod
549 1291 674 1352 juxta
699 1291 831 1357 leges
861 1327 873 1351 ‚
916 1288 968 1338 ἃ
992 1288 1329 1353 consequenter
1352 1284 1555 1336 subdito⁴>

30 1370 135 1404 rum
164 1356 405 1407 utilitatem
424 1357 698 1426 gubernent.
744 1361 807 1408 Et
832 1356 939 1407 ideo
960 1371 1136 1407 veteres
1175 1355 1439 1415 'brunnum
1469 1371 1558 1420 pro

31 1421 160 1491 Rege
196 1423 480 1491 usurpabant.
552 1426 627 1476 Sic
652 1425 887 1491 quondam
922 1423 1332 1492 TyranniSieiliae.
1381 1424 1560 1484 Tyran-

27 1492 135 1540 nica
158 1491 268 1542 vero
305 1493 507 1558 potestas
538 1494 730 1561 proprie
748 1493 838 1557 est,
868 1510 966 1559 quae
993 1494 1035 1543 vi
1074 1529 1087 1552 ,
1128 1489 1179 1540 &
1218 1489 1559 1557 consequenter

28 1559 292 1611 nolentibus
315 1562 515 1627 imperat
539 1580 553 1621 3
578 1560 628 1612 ὃ(
661 1562 767 1612 cum
798 1563 936 1611 nullis
962 1562 1208 1627 stringatur
1230 1558 1441 1629 legibus,
1474 1556 1557 1609 suo

27 1627 204 1678 tantum
222 1664 234 1688 ‚
261 1646 360 1679 non
380 1629 673 1681 subditorum
702 1629 960 1679 commodo
988 1630 1151 1679 studet.

129 1697 257 1748 Nota
279 1697 384 1748 hic:
406 1713 497 1750 tres
517 1698 798 1763 Reipublicae
823 1715 921 1747 non
950 1699 1077 1746 rec'iae
1103 1695 1283 1763 speeies
1304 1693 1400 1744 huc
1437 1695 1557 1761 pari-

27 1776 96 1813 ter
125 1764 282 1814 referri
304 1785 389 1833 per
415 1767 700 1833 analogiam,
727 1781 941 1828 tanquam
969 1767 1195 1816 contraria
1215 1804 1227 1826 ,
1249 1763 1467 1814 videlicet
1486 1781 1562 1812 re·

26 1832 100 1881 &ae
112 1833 297 1883 Politiae.
371 1834 727 1886 Contrariorum
756 1833 881 1883 enim
901 1833 1062 1883 eadem
1093 1833 1156 1883 est
1177 1833 1318 1890 ratio,
1352 1831 1557 1881 &locus

24 1900 260 1950 tractandi.
296 1901 428 1952 Sicut
450 1904 558 1953 cum
594 1902 653 1952 de
672 1902 859 1953 scientia
885 1902 1038 1968 agitur
1059 1941 1071 1965 ‚
1097 1920 1181 1968 per
1211 1898 1427 1952 accidens
1460 1898 1558 1964 agi-

26 1979 100 2017 tur
128 1967 263 2016 etiam
287 1968 349 2018 de
380 1970 659 2036 ignorantia.
729 1969 871 2040 Qiod
905 1969 940 2018 fi
966 1971 1208 2038 contingat
1242 1964 1426 2017 misceri
1452 1966 1555 2015 Rei-

26 2034 222 2101 publicae
245 2033 425 2100 species
454 2039 570 2088 inter
594 2035 637 2086 se
654 2072 666 2095 ‚
688 2036 744 2086 ab
766 2055 818 2088 ea
847 2053 1026 2088 nomen
1048 2037 1240 2088 habebit
1263 2033 1553 2100 Respublica,

25 2104 159 2164 cujus
200 2104 488 2171 gubernandi
523 2104 673 2155 forma
713 2106 884 2156 caeteris
920 2106 1253 2172 p1·aepouderat.
1336 2104 1386 2154 Si
1426 2103 1554 2152 enim

25 2171 168 2220 unius
193 2170 377 2221 arbitrio
400 2174 596 2237 plurima
621 2172 909 2243 dirigantur,
940 2171 992 2223 ἃ
1024 2176 1167 2239 pleno
1189 2176 1289 2236 jure
1306 2171 1554 2221 decernan-

26 2251 115 2288 tur.
190 2239 533 2291 Monarchicum
553 2262 571 2300 ,-
628 2239 662 2290 fi
685 2259 780 2292 non
803 2242 942 2291 unius
965 2241 1215 2304 duntaxat,
1245 2239 1322 2291 sed
1347 2239 1550 2304 plurium

25 2306 321 2371 optimatum
347 2326 418 2359 res
450 2311 606 2361 omnis
631 2309 850 2360 statuatur
876 2313 949 2361 vel
976 2309 1207 2376 imperio,
1248 2308 1320 2357 vel
1347 2307 1553 2357 authori-

23 2387 143 2435 tate,
171 2375 579 2441 Ariston-aticum.-
618 2377 668 2426 Si
695 2378 899 2443 denique
926 2378 1089 2445 populi
1114 2375 1308 2429 univerfi
1323 2391 1398 2426 res
1419 2374 1551 2425 defe-

22 2455 146 2492 ratur
185 2442 376 2494 assensui
411 2481 422 2503 ,
452 2446 625 2497 tametsi
649 2444 827 2496 stimma
857 2463 1003 2510 penes
1047 2464 1189 2497 unum
1221 2442 1424 2510 potestas
1461 2442 1513 2493 sit
1537 2478 1551 2502 ,

25 2508 173 2565 striEte
202 2512 442 2565 Politicum
466 2513 717 2568 dicendum
739 2514 828 2567 erit
849 2515 1128 2582 imperium,
1163 2514 1240 2566 seu
1261 2509 1548 2580 Respublica.

684 2859 733 2909 D
769 2871 802 2924 3
1304 2851 1480 2920 QUAE-
