1832 3151
462 112 1042 204 ἔθὲυήἓέἔὲ
1372 135 1487 199 143

52 236 129 275 tus
167 218 304 289 supra
337 221 455 272 dieta
483 225 724 292 ingenerat
750 256 763 280 ,
810 220 841 268 fi
875 219 1154 270 confiliarius
1186 217 1421 282 emineat,
1470 238 1579 276 con-

53 291 213 342 stantia
248 289 511 340 consulendi
548 308 642 340 non
680 287 867 339 carebit.

162 358 346 409 Per-ficit
379 358 568 406 demum
617 359 758 406 virtus
797 357 975 406 ratione
1025 354 1269 420 Principis.
1352 359 1405 406 In
1440 375 1576 424 quem

54 439 164 477 'eum
198 428 408 476 inviolata
440 424 531 475 fide
570 426 848 492 Modestiam
886 423 1004 472 indit
1033 423 1305 473 confiliario.
1374 428 1497 476 Hinc
1525 430 1581 476 li·

57 492 164 543 berc?-
195 494 479 559 loquendum
505 495 738 560 Principi,
771 494 954 558 modest&
974 507 1130 541 tamen
1158 489 1290 558 supra
1315 495 1491 543 monui.
1526 499 1579 547 In

54 563 321 628 Principem
349 562 540 628 quidem
576 563 810 612 modestiae
849 561 1085 627 specimen
1115 560 1411 625 Hephaestion
1441 562 1579 614 dede-

53 631 144 686 rit3
182 631 257 680 cui
289 633 398 681 cum
423 633 446 679 a
472 633 654 698 Magno
690 630 955 681 Macedone
985 630 1059 692 jus
1096 627 1255 678 datum
1287 627 1439 678 fuiffet
1468 632 1582 681 libe-

57 700 108 750 re
136 698 398 766 Principem
442 699 729 749 admonendi
753 734 765 758 ,
805 697 1015 748 libertate
1042 697 1129 747 hac
1151 698 1210 747 fic
1244 694 1349 746 usus
1378 698 1581 764 Hephae-

58 768 177 820 stion
204 768 294 827 est,
330 783 382 817 ut
407 766 574 817 Curtio
604 768 739 830 teste,
769 767 919 836 magis
942 763 1203 831 permistum
1230 767 1253 813 a
1270 767 1398 833 Rege
1417 769 1575 832 ,quam

60 839 86 886 ὲ
112 833 156 884 se
191 836 476 887 vindicatum
519 836 795 886 crederetur.
866 833 1249 884 Offenditcontrzi
1272 833 1578 897 CalistheneS,

53 905 135 972 qui
169 905 345 955 tametsi
378 905 496 975 Regi
529 904 679 954 eidem
718 904 913 964 diceret,
949 919 1048 969 qua:
1083 903 1360 968 oportebat,
1397 919 1495 952 non
1523 923 1579 955 eo

55 987 210 1024 tamen
239 973 385 1024 modo
418 1009 430 1032 ,
477 990 571 1039 quo
602 972 799 1024 decebat
838 1008 852 1033 ,
896 968 1150 1036 asperitatis
1203 967 1439 1022 censuram
1484 991 1581 1023 non

55 1040 209 1093 evasit.
276 1042 352 1093 Ad
392 1042 585 1092 eandem
614 1041 886 1092 modestiam
917 1038 1158 1090 referenda
1193 1040 1255 1089 est
1283 1038 1506 1091 modestia
1534 1043 1580 1092 in

58 1111 175 1161 alios
202 1145 214 1169 ‚
251 1128 347 1177 quae
371 1111 596 1178 patienter
633 1112 917 1178 collegarum
939 1105 1185 1160 sententias
1223 1108 1392 1160 audiat.

166 1183 377 1249 Quatuor
419 1178 682 1229 consiliariis
727 1178 877 1244 pestes
942 1176 1157 1228 vitandae.
1256 1192 1294 1226 ι.
1339 1176 1573 1244 Αῇὲέῖιιςε

55 1263 221 1300 omnes
262 1248 437 1314 quippe
479 1247 693 1298 homines
727 1287 739 1311 ‚
784 1246 849 1297 ‚ait
887 1244 1105 1296 Salustius
1147 1245 1195 1293 in
1238 1244 1379 1296 Catil.
1410 1247 1487 1312 qui
1524 1244 1580 1293 de

55 1317 193 1368 rebus
222 1314 374 1365 dubiis
400 1315 677 1380 confidtant,
718 1313 773 1365 ab
809 1316 910 1364 odio
934 1355 945 1377 ,
985 1315 1195 1362 amicitia
1220 1354 1234 1376 ,
1287 1317 1363 1363 ira
1388 1355 1402 1378 ‚
1445 1329 1582 1380 atque

59 1384 376 1451 misericordia
403 1401 564 1434 vacuos
589 1382 665 1453 effi·
705 1386 845 1433 decet.
918 1379 1168 1432 Praesertim
1195 1381 1304 1434 vero
1337 1381 1582 1431 moderan-

57 1455 116 1504 da
147 1452 210 1502 est
234 1455 337 1516 ira,
379 1470 484 1502 cum
508 1470 598 1517 qua
632 1452 747 1502 nihil
773 1450 894 1501 recle
927 1449 1024 1499 fieri
1056 1449 1241 1515 potest3
1283 1450 1334 1500 ut
1359 1447 1494 1516 supra
1513 1449 1582 1499 fu-

58 1522 145 1573 fius
174 1522 267 1570 dixi
305 1526 396 1588 Q·
426 1519 477 1570 δί
504 1521 558 1586 §
582 1520 746 1570 ultimo
783 1519 978 1569 Ethicae.
1061 1521 1179 1569 Item
1208 1515 1425 1584 scopulus
1447 1518 1586 1567 maxi·

59 1608 161 1643 mus
202 1593 442 1653 avaritia,
514 1605 611 1654 quae
639 1588 828 1639 Salustio
867 1586 1025 1639 omnia
1055 1585 1234 1637 venalia
1270 1585 1444 1638 habere
1472 1585 1587 1635 dici·

60 1674 147 1711 tur.
250 1660 385 1709 Hanc
421 1656 547 1707 suam
588 1657 812 1724 cujusque
858 1656 1102 1706 utilitatem
1130 1690 1143 1714 ,
1192 1654 1357 1722 allegat
1400 1651 1586 1706 causam

59 1730 194 1781 Arist.
224 1742 268 1785 7.
290 1729 388 1777 Pol.
422 1743 462 1776 c.
488 1746 534 1787 9.
556 1742 638 1776 cur
662 1739 940 1776 mercatores
962 1725 986 1772 ὲ
1017 1721 1214 1774 confinis
1231 1721 1316 1771 fint
1342 1740 1588 1777 removen-

60 1797 135 1856 di,
176 1797 246 1848 vel
273 1794 371 1845 hoc
392 1793 493 1861 ipso
512 1811 677 1862 parum
703 1792 1018 1862 magnanimi,
1056 1791 1106 1843 ἃ
1131 1789 1388 1857 splendidi,
1422 1790 1472 1841 &
1492 1789 1590 1840 sen·

63 1867 202 1918 tentia
240 1863 474 1914 affcfflbus
513 1865 744 1913 excaecata.
816 1861 1052 1928 Sapienter
1083 1875 1240 1910 tamen
1282 1858 1474 1910 advertit
1511 1859 1588 1908 Li-

63 1935 211 2003 plius‚
257 1933 382 2000 posse
410 1931 611 1982 confinis
647 1947 831 1997 quoque
873 1929 1030 1996 adlegi
1065 1942 1374 1987 mercatores,
1431 1928 1482 1978 ut
1510 1931 1590 1977 Ba·

63 2005 189 2063 tavi,
227 2002 439 2059 Veneti,
475 2000 742 2050 Genuenses
778 1998 921 2047 hodie
942 2030 956 2056 ,
992 1997 1108 2046 dum
1144 1996 1357 2045 videlicet
1395 1996 1590 2046 famulo·

60 2087 165 2120 rum
186 2072 359 2134 oper-33
392 2086 489 2119 non
521 2066 566 2119 se
588 2067 695 2135 ipsis
730 2083 782 2117 ea
805 2082 995 2117 munera
1030 2079 1244 2123 exercent
1279 2081 1488 2115 curarum
1517 2080 1590 2114 va-

66 2155 144 2189 tur
188 2138 353 2206 magis.

170 2206 369 2256 Vitanda
401 2204 495 2255 2do
537 2202 781 2269 distordia.
842 2204 974 2268 Saepe
1000 2202 1126 2254 enim
1146 2235 1162 2263 ,
1212 2202 1345 2268 quod
1379 2200 1591 2253 observat

61 2277 182 2324 Tac.
225 2291 262 2322 1.
285 2274 388 2324 hist.
407 2273 622 2339 stimulat
640 2276 825 2338 privati
856 2273 949 2322 odii
979 2273 1247 2338 pertinacia
1279 2275 1332 2320 in
1355 2270 1589 2337 publicum

62 2345 284 2406 exitium,
320 2342 446 2409 quod
476 2340 692 2407 consequi
716 2340 893 2391 necesse
921 2339 985 2389 est
1004 2377 1017 2401 ‚
1056 2339 1162 2389 cum
1188 2340 1416 2390 Plutarchi
1442 2338 1589 2392 sensu:

61 2409 295 2476 infirmum
329 2411 554 2459 reddatur
578 2453 592 2474 ‚
664 2408 898 2477 quidquid
932 2411 1062 2457 inter
1092 2405 1142 2471 [ὲ
1180 2408 1375 2472 diffidet.
1446 2406 1592 2458 Unde

67 2479 294 2530 Aristides
316 2514 328 2537 ,
367 2475 419 2527 &
452 2478 828 2529 Themistocles:
865 2489 967 2526 ante
1000 2493 1211 2544 pugnam
1236 2492 1342 2524 cum
1363 2474 1502 2526 Persis
1529 2476 1589 2525 ad

70 2545 353 2597 Salaminem
379 2546 672 2606 tentandam,
706 2547 907 2611 privatas
937 2579 949 2603 ,
987 2560 1098 2609 quas
1119 2543 1239 2592 inter
1265 2541 1309 2592 se
1332 2545 1596 2595 inimicitias

61 2611 283 2666 foverunt
323 2616 474 2680 aliquo
519 2629 766 2680 tempore,
813 2611 972 2662 Pan-iae
1011 2611 1061 2660 in
1106 2610 1275 2660 finibus
1318 2610 1590 2677 posueruut.

66 2681 169 2732 Hac
200 2684 299 2749 ipsa
338 2686 469 2732 causa
510 2681 733 2747 sapienter
770 2678 1034 2746 Alphonsus
1076 2693 1179 2729 ante
1215 2679 1412 2730 Senatfis
1444 2682 1595 2743 cujus·

0 2770 1 2774 ¹
65 2749 133 2799 vis
162 2753 445 2819 propylaeum
465 2752 642 2800 Fanum
668 2748 927 2800 concordiae
964 2744 1009 2796 se
1037 2747 1208 2796 arbitro
1226 2745 1402 2797 censuit
1420 2748 1596 2817 erigen-

0 2837 2 2840 ’
67 2814 180 2867 dum
198 2851 214 2878 ‚
248 2820 296 2869 in
324 2836 421 2886 quo
452 2816 684 2870 senatores
719 2815 1044 2878 consultatur-i,
1083 2816 1278 2883 privatas
1321 2815 1596 2875 simultates·>

1477 2881 1526 2931 <St
