1832 3151
359 144 477 188 100
755 120 1326 208 {ffisONssissss

278 228 570 298 portionato·
634 221 887 274 Lustranda
922 225 1058 286 dieo,
1094 242 1188 277 non
1227 226 1499 292 pererranda
1524 244 1682 296 regna.
1721 224 1798 278 Sa-

280 298 417 364 piens
446 293 662 356 Princeps
689 289 756 342 sui
781 292 1129 345 aestimationem
1150 334 1162 357 ,
1202 311 1411 345 amorem
1433 331 1445 355 ,
1480 313 1659 348 metum
1693 294 1801 357 inji-

278 365 374 417 ciet
406 360 624 430 gentibus
653 394 665 418 ,
713 362 771 411 ne
801 374 974 412 tentare
1009 362 1175 425 ausint,
1212 380 1350 429 quem
1394 377 1571 413 tantum
1616 364 1800 426 norunt,

280 433 381 485 Sibi
409 446 553 496 porro
577 446 629 479 ae
661 445 809 496 reguo
842 429 1014 482 ftufftus
1046 433 1203 498 leget3
1241 429 1323 480 fibi
1358 432 1572 496 vigorem
1607 431 1797 490 mentis,

280 503 374 567 qua
397 496 657 549 Promethei
687 497 736 546 iu
763 514 946 548 morem
973 498 1172 548 flammis
1211 498 1336 548 dives
1355 534 1370 560 ‚
1402 497 1510 550 suos
1534 499 1707 549 animet
1730 498 1799 549 fe·

276 571 473 621 licitate.
554 567 718 630 Regno
744 567 854 615 vero
874 604 886 627 ‚
924 565 1062 625 dum,
1100 567 1152 616 fit
1179 565 1353 615 horolo
1391 565 1490 618 ium
1514 565 1798 634 inquies,fic

277 636 419 704 ipsius
453 631 666 700 sapientia
690 633 1011 684 rectitudinem
1052 648 1302 701 promovet
1343 585 1591 685 {licitam
1673 635 1801 685 Felix

278 706 525 769 Princeps,
569 699 622 750 &
642 703 953 768 Principatus,
974 704 1086 753 dum
1108 719 1205 753 non
1224 701 1326 752 solo
1349 716 1425 751 aut
1451 703 1803 754 ministrantium

282 771 505 833 arbitrio,
540 783 617 821 aut
651 771 807 821 alienis
833 774 996 822 cuneta
1027 773 1280 822 statuuntur
1298 769 1515 822 consiliis.
1584 774 1657 822 Fit
1674 771 1799 834 hoe,

273 842 390 891 dum
423 838 670 897 memoria,
707 836 759 887 &
781 836 887 891 usus
911 840 1051 890 fastos
1084 839 1340 905 suppeditat
1367 839 1591 906 principi,
1626 839 1677 888 ἂ
1700 838 1800 904 qui-

274 909 363 961 bus
389 910 593 959 actorum
630 906 890 974 principia,
926 908 1220 976 agendorum
1249 907 1333 958 {int
1370 908 1543 974 regula.
1630 908 1802 957 Facilia

276 976 334 1027 ἃ
360 975 510 1026 felicia
541 974 768 1025 diStantur
793 978 914 1041 jura,
954 977 1065 1028 dum
1100 975 1311 1025 distantia
1342 977 1490 1026 multo
1516 973 1595 1025 usu
1623 975 1800 1025 combi-

274 1045 370 1097 bita
395 1042 526 1094 sunt:
566 1044 747 1093 oracula
770 1081 781 1102 ,
814 1063 912 1095 non
948 1044 1133 1096 confilia
1168 1045 1344 1102 fluunt,
1383 1044 1495 1094 dum
1530 1062 1626 1094 non
1663 1060 1821 1112 even-1

278 1127 356 1165 tus
377 1148 390 1171 ,
428 1110 506 1162 sed
540 1113 822 1177 experientia
842 1114 1069 1182 Magister
1104 1112 1262 1163 docet.
1332 1110 1675 1179 Sti-atagematis
1704 1113 1800 1163 vin-

274 1184 422 1239 citur,
459 1198 555 1246 quae
581 1196 661 1245 per
684 1180 898 1230 umbram
929 1184 1032 1233 aute
1065 1181 1267 1233 excocta.
1346 1183 1465 1231 Haec
1489 1180 1697 1230 omnium
1710 1180 1819 1242 vias

274 1251 360 1318 qui
386 1250 497 1299 tanti
529 1248 673 1297 futuri
705 1267 939 1315 nunquam
962 1286 974 1306 ,
1008 1250 1088 1300 nifi
1108 1247 1198 1299 suis
1222 1246 1440 1316 tantisper
1463 1247 1647 1298 sedibus
1672 1246 1820 1298 elon-3

275 1318 388 1387 gati.
455 1315 617 1367 Caroli
641 1319 701 1365 V.
738 1317 790 1368 δί
819 1321 903 1369 VI.
940 1318 1075 1368 testes
1098 1317 1199 1367 fiut.
1267 1321 1437 1388 Toga,
1477 1316 1827 1386 sagum,pax,1-=

271 1391 584 1453 Imperatores
613 1384 755 1435 cedro
788 1389 908 1438 canit
934 1387 1239 1456 digniffimos.
1308 1389 1424 1454 Jure
1460 1385 1666 1436 Macedo
1694 1387 1799 1454 glo-

272 1455 416 1508 tiatus
435 1453 699 1518 quondam,
740 1456 872 1519 plura
904 1455 1049 1505 oeulis
1071 1454 1350 1518 selustrass‘e,
1390 1457 1529 1521 quam
1554 1458 1705 1521 Reges
1719 1452 1814 1507 alii?

268 1524 459 1583 animo,
496 1519 549 1571 &
581 1523 853 1591 zogitatioiie
875 1524 960 1574 sint
988 1523 1188 1573 assecuti.
1268 1527 1413 1590 jure,
1464 1523 1655 1589 inquam
1695 1538 1711 1580 3
1757 1519 1792 1572 fi

270 1590 402 1652 enim
436 1590 619 1659 segnius
667 1590 844 1641 irritant
871 1593 1049 1641 animos
1094 1590 1283 1642 demissa
1311 1610 1395 1658 per
1426 1607 1557 1640 aures
1592 1630 1602 1652 ,
1655 1591 1813 1654 quam'

271 1677 376 1727 quae
411 1656 513 1709 suut
550 1659 697 1710 oeulis
730 1657 928 1722 fiibje&a
964 1658 1176 1710 fidelibus
1205 1678 1218 1718 ;
1267 1673 1461 1725 quantus
1504 1658 1685 1709 futurus
1728 1657 1813 1709 est³

270 1728 496 1794 Princeps
520 1723 610 1778 suis
631 1728 789 1791 juxta,
823 1744 876 1778 ac
903 1729 1104 1786 exteris,
1139 1728 1216 1794 qui
1243 1728 1356 1778 nihil
1378 1727 1471 1777 fere*
1497 1725 1682 1777 fiturum
1706 1743 1813 1792 po·-

270 1794 363 1847 test
402 1794 597 1856 audire,
634 1794 764 1861 quod
797 1795 992 1862 praesens
1027 1793 1122 1862 ipse
1149 1815 1246 1848 non
1276 1796 1457 1846 viderit.
1524 1795 1754 1846 Adrianos
1776 1807 1812 1854 ,'

272 1865 577 1916 Germanicos
599 1899 611 1922 ,
647 1865 874 1926 Trajauos
901 1864 1032 1916 Urbs
1050 1900 1065 1917 .
1102 1863 1152 1914 ἃ
1179 1864 1306 1915 orbis
1341 1865 1570 1924 celebrat3
1608 1864 1805 1930 quantis·

267 1930 511 1984 itineribus
542 1933 720 1983 claros!
757 1933 1010 2000 Nunquam
1041 1932 1335 1983 Mithridates
1368 1945 1443 1993 30.
1478 1933 1688 2000 gentium
1707 1931 1805 1981 duo.

269 2001 429 2052 minus
457 2036 471 2060 ,
514 2000 690 2068 linguis
744 2001 945 2052 totidem
998 1998 1087 2052 suis
1132 2002 1385 2052 amabilis:
1434 2015 1510 2050 aut
1563 2000 1817 2050 Sesostres‘,

269 2069 532 2137 Egyptius
564 2068 713 2118 duciis
738 2069 796 2120 ad
830 2072 1029 2121 Tauiam
1059 2068 1204 2137 usque
1232 2071 1429 2123 coloniis
1463 2067 1670 2121 obeliscis
1708 2086 1816 2134 peojv

268 2151 482 2189 tenuaret
512 2135 714 2199 illustris,
754 2137 848 2188 nisi
890 2137 1135 2199 Arabiam,
1173 2140 1366 2207 Lybiam
1393 2174 1407 2196 ,
1459 2137 1788 2204 AEthiopiam,

267 2204 451 2257 ludiam
489 2219 757 2270 utramque,
793 2223 847 2258 ae
874 2207 1116 2275 Scythiam
1144 2243 1156 2266 ,
1193 2207 1244 2257 ὃ(
1287 2207 1433 2269 fama,
1469 2204 1522 2255 δί
1552 2203 1813 2262 itineribus}

267 2273 585 2340 perlustrasset.
655 2278 824 2325 Lutum
850 2277 1032 2345 colligit
1053 2275 1200 2325 amnis
1222 2275 1457 2326 exundans
1475 2310 1486 2334 ,
1501 2272 1785 2333 fateor,non

264 2342 491 2407 Princeps
520 2359 689 2405 errata,
725 2357 801 2393 aut
844 2360 1003 2394 mores
1034 2343 1271 2412 gentium,
1314 2343 1388 2393 cui
1426 2360 1534 2394 cum
1561 2340 1785 2410 sanguine

265 2408 419 2460 nativa
444 2409 511 2460 est
531 2411 687 2461 tessera
716 2429 727 2461 t
765 2412 875 2461 Plus
900 2412 1012 2462 ultra
1033 2450 1045 2474 ‚
1080 2411 1282 2471 meritis,
1343 2410 1589 2462 virtutibus
1608 2451 1621 2473 ‚
1659 2408 1782 2459 affls.

267 2476 392 2529 Non
404 2491 453 2528 ut
467 2479 738 2540 curiositati,
765 2478 841 2530 sed
862 2480 1048 2531 suorum
1067 2480 1266 2545 imperet
1281 2480 1483 2531 Utilitati
1499 2479 1521 2528 Ρ
1535 2480 1628 2529 imo
1642 2476 1782 2526 etiam

262 2545 449 2612 gloriae.
526 2547 643 2599 Non
679 2565 888 2598 memoro
913 2563 1064 2601 vetera
1088 2588 1100 2611 ,
1133 2547 1357 2599 hodierna
1391 2548 1498 2599 etim
1524 2546 1783 2614 suppetunt.

264 2615 504 2681 Magnum
526 2619 709 2683 Europa
737 2618 1030 2683 Principem,
1063 2618 1211 2668 Patria
1241 2614 1386 2676 fidus,
1422 2614 1679 2682 mastygem
1718 2613 1784 2661 O.-

262 2682 392 2734 rieus
419 2682 465 2732 iu
498 2685 816 2736 Alexioviczio
850 2686 1008 2736 naftus
1052 2684 1130 2735 est.
1211 2682 1567 2751 Capacissimam
1608 2681 1782 2733 facino·

259 2766 368 2801 rum
432 2751 645 2802 randium
683 2766 888 2805 mentem
917 2752 1027 2819 quid
1053 2751 1270 2820 stupenda
1306 2750 1407 2803 orbi
1448 2751 1601 2801 moliri
1638 2749 1781 2806 feeit,

264 2817 363 2873 imo
444 2818 703 2889 perficere?
737 2821 1007 2875 Provinciae.
1080 2820 1221 2873 Culta
1243 2818 1450 2875 moribus
1473 2819 1691 2939 ruditas,
1710 2833 1781 2869 or·

1629 2903 1718 2940 uns
