1832 3151
501 87 1082 173 ἐῦἓὲ(0)ἓᾶἐὲ
1393 105 1467 167 95

22 207 179 253 antur,
210 197 351 246 amari
379 197 456 262 qui
484 196 631 256 nolit,
662 196 925 262 comperies
956 193 1205 245 neminem.
1279 194 1340 244 Et
1375 195 1552 260 quanto

23 263 75 314 id
105 263 261 312 multis
286 265 417 327 vitae,
453 265 744 315 foi-mnarum
762 300 776 325 .,
805 263 1047 313 bonorum
1080 263 1287 312 omnium
1311 264 1433 313 stetit
1467 265 1553 314 im—

25 330 243 399 pendio?
270 331 432 382 felices
464 330 509 383 se
553 332 881 393 credentibus,
926 330 958 379 si
998 331 1142 380 modo
1185 332 1353 380 amoris
1393 332 1554 382 tessera

29 400 221 458 donati,
251 399 371 465 quasi
396 402 503 450 vero
532 401 633 450 haee
663 418 754 451 una
792 399 1090 464 dispendium
1116 416 1256 449 omne
1286 399 1336 448 in
1357 398 1554 451 fortunae

33 468 399 533 compendium,
427 471 546 519 virus
564 470 614 520 in
636 470 774 518 mella
801 467 1115 519 transformet.
1188 469 1377 534 Quanto
1409 469 1555 518 levio-

25 538 73 590 ri.
90 536 291 601 pretium
329 537 427 586 hoc
461 538 617 588 venire
652 540 804 602 pretio
834 537 1005 586 liceat?
1035 536 1084 585 Si
1132 535 1199 585 vis
1236 537 1404 599 amari,
1433 555 1550 588 ama.

25 604 267 657 Dicffamen
289 620 464 656 naturae
487 606 670 672 philtris
689 605 907 656 omnibus
933 606 1098 654 certius
1122 603 1258 652 habe,
1311 607 1424 654 Hoc
1440 605 1557 671 igne

11 673 104 725 ‘vel
133 671 280 722 ferrea
304 674 519 724 incudem
555 675 704 725 ferent
737 675 953 739 peflorat,
995 673 1051 721 eo
1093 673 1339 722 t1·a&abilia
1374 675 1555 740 magis,

23 742 120 806 quo
151 742 356 793 flammas
382 741 474 807 ipsa
504 740 605 792 suas
645 743 864 810 diligunt.
933 742 1143 790 Viffimae
1176 737 1243 789 sui
1271 742 1467 806 pariter,
1505 739 1557 793 &

22 808 286 861 sacrificuli.
358 811 567 860 Char-um
609 810 699 860 effe
734 829 827 863 vox
865 810 987 860 Cara
1017 809 1277 859 admodum
1315 810 1556 861 sexcentis.

26 886 175 941 Ama,
212 878 323 944 quid
356 878 573 929 facilius?
611 880 726 945 quid
752 894 905 929 tamen
929 880 1020 928 una
1057 876 1266 939 felicius,
1306 896 1360 928 ac
1386 878 1556 928 certius

28 948 92 996 est
120 949 175 997 acl
212 947 580 998 redamandum?
603 948 782 998 Rudera
816 949 1055 998 aemuletur
1081 964 1163 995 cor
1202 965 1386 1009 amam,
1429 948 1558 997 flam‘

29 1031 125 1066 mas
152 1014 342 1065 testetur
384 1020 603 1078 clamore,
636 1016 803 1065 reddet
833 1016 1032 1073 Eecho‚
1066 1015 1199 1064 amati
1229 1017 1390 1080 peclus
1416 1051 1428 1075 ,
1474 1033 1558 1065 vo-

27 1101 132 1134 cem
172 1098 406 1149 optatam,
434 1085 576 1133 ardeo
610 1101 774 1133 amore.
842 1083 1103 1134 Affabilitas
1138 1085 1321 1146 vultus,
1360 1085 1558 1134 comitas

29 1169 248 1212 morum,
284 1150 498 1201 sensuum
536 1152 750 1213 candor,
795 1150 1097 1216 inhospitales
1136 1152 1274 1201 etiam
1321 1150 1560 1202 Caucasos

27 1222 236 1285 eliquant
280 1219 329 1269 in
364 1220 600 1283 affeftttm,
637 1219 838 1282 facilius,
880 1239 928 1270 ac
954 1220 1186 1270 Hannibal
1209 1221 1257 1270 in
1278 1219 1557 1286 obsequium

27 1290 192 1352 Alpes.
267 1288 436 1339 Semen
473 1289 645 1338 amoris
676 1288 825 1338 mutui
852 1306 986 1338 amor
1012 1288 1101 1348 est3
1149 1289 1287 1339 crede
1314 1291 1442 1355 larga
1465 1307 1562 1341 ma-

24 1374 89 1407 nu
121 1355 378 1407 {ementem
420 1373 547 1407 tuam
572 1397 584 1420 ,
627 1358 777 1407 vicem
814 1355 978 1406 reddet
1020 1375 1106 1422 par
1144 1358 1302 1408 cordis
1334 1358 1562 1409 officium.

25 1426 231 1475 Dexter&
273 1426 298 1475 e
338 1429 502 1476 contra
541 1428 687 1475 tenaci
722 1425 753 1474 fi
798 1425 1007 1490 sparseris
1040 1458 1054 1488 -,
1105 1444 1243 1490 parca
1275 1426 1438 1476 itidem
1468 1425 1561 1480 falx

27 1508 172 1544 metet
202 1492 478 1545 sementem.
548 1494 753 1544 Arbitrio
784 1507 869 1542 tuo
900 1493 985 1543 stat
1013 1492 1187 1544 fruflus
1210 1495 1395 1549 amoris,
1421 1513 1564 1561 quan·

34 1563 134 1611 tum
157 1577 263 1612 tuus
298 1563 348 1612 in
376 1565 593 1626 alterum,
634 1562 812 1612 tantum
838 1562 930 1612 fere
972 1564 1144 1613 alienus
1170 1565 1217 1613 in
1239 1578 1284 1612 te
1309 1562 1480 1614 crescet
1499 1562 1562 1613 af·

27 1627 201 1687 fefi‘ms,
250 1631 459 1682 rediVIvo
493 1634 538 1683 in
578 1648 623 1681 te
647 1630 863 1680 Herculis
895 1632 1119 1682 Gallicani
1153 1635 1400 1697 exemplo,
1435 1650 1565 1681 amo-

39 1701 99 1750 ris
126 1697 302 1750 fascino
333 1718 559 1766 quorum,
590 1700 640 1750 ὃ(
667 1700 891 1766 quantum
929 1699 1114 1748 libuerit
1148 1700 1288 1749 corda
1325 1701 1566 1752 misturis-

38 1769 188 1835 Quod
216 1784 372 1834 aperta
402 1771 467 1820 vis
487 1768 598 1819 belli
624 1787 720 1818 non
754 1769 909 1832 potest
928 1803 940 1827 ,
966 1768 1168 1819 cavernis
1193 1768 1337 1818 abditi
1368 1769 1567 1820 domant

39 1837 272 1896 cuniculi3
306 1841 501 1888 comitas
525 1878 536 1900 ‚
575 1837 808 1886 affabilitas
845 1838 1117 1904 stratagema
1150 1837 1418 1899 efficaciuS,
1455 1838 1565 1903 quia

35 1904 203 1954 blande
238 1923 251 1963 ⁴,
302 1905 533 1971 serpendo
574 1906 652 1954 fibi
685 1903 769 1970 ipsi
803 1922 885 1953 cor
917 1905 1078 1969 eripit,
1113 1903 1166 1953 ὃ(
1204 1906 1252 1954 in
1291 1906 1571 1969 obsequium

36 1975 173 2039 cogit
202 1975 407 2024 amantis.
480 1973 662 2040 Hospes
702 1988 802 2021 tum
828 1974 1033 2038 primum
1065 1973 1344 2031 advertitur,
1371 1975 1477 2024 cum
1496 1992 1570 2025 ex«

45 2056 281 2109 pugnatos
317 2042 498 2092 animos
530 2042 581 2092 in
616 2042 907 2106 triumphum
943 2041 1087 2091 ducit.
1197 2045 1270 2092 Da
1304 2044 1574 2108 Principem

41 2109 132 2159 hae
168 2109 280 2158 dote
303 2109 557 2178 insignem,
590 2108 641 2158 ὃ(
670 2109 854 2160 felicem
886 2109 994 2172 fibi,
1036 2113 1231 2177 Regno,
1268 2111 1368 2161 orbi
1407 2112 1575 2161 dedisti

46 2176 349 2229 dominatum.
432 2178 613 2236 Liberi,
654 2196 752 2228 non
789 2176 961 2228 subditi
991 2180 1096 2228 sunt
1127 2179 1356 2245 principi,
1397 2181 1476 2244 qui
1505 2180 1574 2230 di·
1630 2198 1637 2205 ·

39 2246 195 2311 ligunt
212 2280 224 2304 ,
255 2248 360 2312 quia
388 2246 559 2297 dilecti.
629 2250 761 2296 Pater
789 2247 860 2297 his
882 2264 990 2296 cum
1013 2249 1294 2298 Germanico
1313 2251 1460 2317 magis
1499 2265 1576 2298 au·

48 2314 144 2376 dit,
177 2316 315 2379 quam
345 2314 607 2372 Dominus3
642 2314 692 2364 ὃ(
720 2315 830 2364 dum
869 2315 1054 2367 delicias
1089 2319 1272 2383 generis
1306 2316 1493 2367 humani
1529 2333 1576 2367 e-

46 2399 128 2436 um
171 2399 278 2432 cum
314 2384 428 2433 Tito
463 2383 670 2448 populus
709 2381 923 2434 salutabit
953 2419 966 2443 ‚
1010 2387 1058 2434 in
1090 2401 1254 2435 omnes
1280 2400 1418 2436 nutus
1449 2383 1579 2434 obse-

49 2466 270 2517 quentem
293 2451 427 2501 facile
453 2449 766 2513 nanciscetur,
792 2452 843 2501 in
871 2468 1010 2516 quem
1036 2470 1164 2502 amor
1180 2455 1369 2518 plenum
1398 2454 1581 2504 obtinet

52 2520 360 2569 dominatum.
431 2519 557 2587 Quid
580 2521 759 2569 multa?
791 2522 998 2586 quisquis
1022 2537 1069 2571 es
1087 2561 1098 2583 ,
1122 2525 1259 2574 amari
1276 2523 1423 2581 malis,
1441 2524 1583 2588 quam

47 2589 225 2639 timeri:
258 2588 317 2638 ne
343 2588 514 2655 iniquis
544 2588 734 2652 quidem
765 2590 969 2639 acerbus.
1035 2590 1213 2640 Verum
1246 2608 1330 2642 tuo
1361 2591 1410 2641 id
1437 2593 1582 2641 docu-

52 2672 208 2706 mento
232 2658 458 2722 reperies:
490 2655 522 2705 fi
561 2656 628 2706 vis
655 2658 822 2720 amari,
854 2675 970 2708 ama.
1020 2701 1021 2704 ,
1074 2660 1235 2710 Rarior
1271 2660 1393 2711 nulla
1419 2661 1581 2709 trium-

0 2772 1 2779 ,
54 2724 230 2789 phandi
257 2725 342 2776 dos
359 2766 371 2789 ‚
418 2727 556 2790 quam
580 2725 695 2775 dum
729 2725 930 2791 praesidia
960 2724 1012 2775 ἃ
1034 2741 1196 2793 gentes
1216 2728 1386 2796 sponte
1412 2727 1584 2777 cadunt

0 2814 2 2826 ³
50 2808 153 2845 non
184 2795 350 2844 tamin
386 2794 622 2865 gladium,
665 2797 805 2862 quam
838 2794 983 2847 smum
1006 2795 1209 2850 victoris.
1284 2797 1378 2866 Qii
1409 2795 1470 2845 {ic
1487 2798 1582 2846 vin·

0 2875 1 2892 ³
1410 2878 1481 2916 <tat
1500 2897 1514 2924 ,
