1832 3151
326 88 413 164 96-
711 76 1285 165 fflcoffissssss

240 201 337 247 eat,
366 197 492 233 rarus
525 175 603 227 est.
680 180 867 230 Cei-tius
902 195 1057 231 tamen
1080 182 1226 231 vincit
1253 197 1418 240 nemo,
1451 183 1586 247 quam
1613 185 1692 251 qui
1718 184 1779 238 {ie

238 253 406 304 vincit..
453 253 516 299 Et
536 246 648 314 quid
671 262 791 299 vetat
805 249 1033 313 triumphi
1054 249 1191 313 hujus
1213 251 1363 319 gloria
1385 253 1598 300 coronari
1618 271 1776 318 quem-

236 322 387 373 libet?
429 325 660 370 Amorem
708 316 855 367 cuivis
887 333 994 366 cum
1029 333 1189 368 natura
1226 319 1357 368 dedit
1400 318 1611 369 nascendi
1653 319 1771 372 sors.

238 391 373 458 Qstd
398 388 540 455 igitur
574 399 761 450 torpeat
795 387 929 445 otio,
961 387 1042 452 qui
1079 387 1312 453 ignaviam
1340 385 1511 445 nescit,
1539 390 1726 439 affectus
1746 392 1771 439 Τ.)

231 457 421 510 -Caloris
453 455 597 506 virtus
633 453 696 504 est
720 451 949 515 maxima,
988 454 1019 504 fi
1050 452 1350 520 Philosophis
1376 456 1622 506 credimus.
1673 459 1774 510 Cur

237 545 339 580 non
368 524 533 575 eadem
560 521 613 571 sit
641 522 844 571 amoris?
881 526 1004 574 Data
1033 522 1133 573 haec
1165 522 1230 573 vis
1265 525 1328 572 est
1356 524 1597 589 omnibus,
1626 540 1676 575 tu
1709 527 1768 579 ad

233 612 426 656 omneS,
455 593 505 641 ut
532 592 652 639 ratio
681 589 868 652 suadet,
903 591 1137 650 extende3
1165 590 1251 641 tibi
1283 592 1375 645 hoc
1401 594 1538 657 paCto
1565 595 1767 660 teipsum

230 664 540 729 multiplicas,
570 660 676 725 quia
701 675 901 709 amantes
924 663 996 710 vel
1028 677 1282 724 procuras,
1316 661 1387 711 vel
1417 658 1586 713 firmas,
1668 663 1767 714 Ob-

230 734 505 786 fidmnalcs,
554 728 749 784 civicas,
804 729 1001 777 murales
1035 727 1180 778 sanxit
1215 743 1343 780 vetus
1371 731 1520 778 Roma
1554 747 1768 784 coronas.

229 804 409 854 Mirum
441 798 536 860 est,
565 796 695 864 quod
727 795 918 862 sapienti
957 796 1056 857 eius
1100 799 1303 846 Politicae
1338 814 1435 847 non
1465 801 1723 849 occurrerit
1751 838 1763 865 ,

232 871 373 921 etiam
400 869 611 918 Amicam
646 865 863 915 fundare.
947 866 1039 915 Illae
1066 863 1146 915 sub
1174 865 1337 933 jugum
1380 865 1528 914 missas
1566 883 1726 936 gentes
1753 904 1767 931 ,

226 938 406 1001 Urbes,
451 935 575 986 cives
601 933 803 986 servatos
827 935 1064 985 notarunt.
1172 937 1286 983 Haec
1320 933 1543 985 clientum
1573 936 1729 986 officia
1750 971 1766 999 ‚

227 1006 281 1057 &
313 1025 419 1057 cum
445 1004 517 1056 his
543 1002 661 1070 saepe
683 1002 875 1053 salutem
908 1004 1064 1052 Patriae
1090 1004 1159 1054 vel
1183 1001 1454 1061 fundatam,
1480 1006 1551 1053 vel
1569 1023 1765 1072 promo·

226 1091 325 1127 tam
358 1073 598 1125 tributaria
623 1073 746 1124 facit.
818 1070 965 1121 Pudet
993 1072 1090 1121 fere·
1117 1085 1349 1121 amantem
1378 1089 1475 1122 non
1504 1072 1760 1138 prosequi,

223 1144 354 1211 aeque
387 1141 530 1209 pene,
569 1161 620 1193 ae
656 1141 829 1207 pudeat
857 1157 957 1191 non
994 1137 1083 1189 esse
1107 1140 1365 1190 hominem.
1433 1140 1591 1191 Nemo
1614 1144 1762 1203 enirm
1815 1164 1818 1167 ·

229 1230 306 1263 aut
335 1213 478 1262 hebes
521 1212 584 1260 est
618 1210 764 1270 adeo,
802 1209 884 1275 qui
916 1210 1089 1257 amoris
1131 1222 1402 1276 argumenta
1440 1228 1536 1260 non
1570 1211 1755 1274 capiat,

229 1298 306 1332 aut
344 1279 501 1332 saxeus
540 1279 653 1329 adeo
684 1312 701 1339 ,
749 1279 826 1345 qui
860 1278 1026 1327 amoris
1062 1279 1348 1345 argumentis
1392 1294 1492 1328 non
1539 1279 1759 1345 capiatur.
1831 1297 1832 1302 ¹

226 1352 356 1402 Alter
381 1348 581 1416 proinde
616 1348 804 1399 alterius
823 1346 1018 1395 inicium
1050 1346 1114 1395 est
1143 1346 1340 1412 pariter,
1376 1360 1426 1395 ut
1449 1363 1600 1408 amet3
1630 1346 1681 1396 &
1710 1363 1762 1400 ut
1830 1350 1832 1379 ²

225 1433 435 1477 ametur,
463 1416 745 1468 fomentum,
811 1418 1025 1483 Repeto:
1050 1414 1103 1467 Si
1122 1449 1135 1476 ,
1168 1412 1220 1465 6<
1254 1415 1479 1483 quantum
1504 1417 1571 1470 vis
1594 1417 1761 1484 amari,
1827 1469 1832 1480 ¹

222 1491 404 1540 tantum
432 1505 547 1537 ama.

698 1624 1119 1687 NEGATuR.

331 1769 411 1820 On
441 1783 564 1821 tanta
599 1768 873 1839 regionum,
906 1765 1144 1830 cultuum,
1184 1766 1283 1816 imo
1327 1764 1380 1817 &
1416 1768 1629 1818 vultuum
1671 1782 1757 1833 pet·

362 1838 526 1889 orbem
555 1836 822 1903 disparitas,
849 1850 1021 1903 quanta
1047 1835 1109 1885 cst
1140 1837 1419 1886 animorum.
1527 1843 1638 1904 Qiae
1666 1837 1756 1903 igi-

220 1921 295 1958 tur
320 1925 400 1973 par
426 1905 701 1956 fascinandis
720 1906 938 1957 omnibus
971 1903 1022 1953 {it
1049 1907 1247 1972 regula?
1267 1923 1395 1954 amor
1419 1922 1625 1954 amorem
1645 1922 1758 1969 pro·
1818 1914 1832 1940 -’-

224 1989 389 2034 vocat,
417 1974 543 2025 haud
571 1978 854 2042 negaverim.
922 1978 989 2025 At
1018 1988 1140 2039 quot
1160 1975 1361 2038 reperias
1383 1975 1573 2038 pestem
1595 2008 1609 2033 ‚
1655 1991 1756 2039 quae

219 2045 254 2095 fi
291 2044 501 2111 pumices
531 2060 716 2104 cernas,
748 2059 824 2094 aut
847 2043 1017 2105 filices,
1045 2042 1193 2093 undas
1227 2043 1332 2091 ante
1356 2042 1512 2092 elicies
1533 2082 1545 2105 ,
1571 2056 1623 2091 ac
1641 2039 1756 2092 scin-

213 2114 361 2164 tillam
391 2114 574 2163 amoris.
648 2113 786 2162 Cur?
817 2110 1131 2176 Misantropos
1149 2129 1256 2160 cum
1274 2111 1534 2175 Tarquinio
1561 2113 1640 2160 illo
1668 2127 1750 2178 ge·

152 2194 155 2198 “
217 2184 342 2232 neris
368 2181 562 2231 humani
590 2180 754 2243 hoste,
788 2178 1089 2245 Apathosque
1124 2180 1348 2245 reperieS,
1376 2179 1652 2229 ut-belluam
1675 2198 1751 2230 an·
1816 2223 1822 2235 ,

217 2250 264 2299 τὲ
298 2251 504 2309 cicures,
536 2263 587 2297 ac
612 2250 787 2300 horum
814 2251 884 2299 vel
903 2247 1156 2306 feritatem,
1203 2248 1273 2296 vel
1300 2247 1522 2298 duritiem
1551 2248 1747 2298 mollins.

217 2319 407 2383 Nempe
439 2317 683 2368 adamante
704 2317 861 2367 durius
891 2315 922 2365 fi
954 2316 1063 2381 quid
1094 2330 1253 2365 natura
1281 2317 1456 2383 genuit,
1484 2316 1608 2366 fibrae
1631 2317 1748 2365 mul·
1823 2347 1832 2377 :2

214 2400 373 2437 torum
409 2385 525 2437 sunt.
594 2391 708 2437 Arte
733 2387 855 2437 nulla
876 2385 1117 2452 Riphaeum
1132 2385 1301 2433 horum
1333 2384 1483 2453 frigus
1512 2384 1744 2439 dissolvas.

209 2458 282 2506 Da
318 2454 482 2517 verba,
514 2457 701 2524 gemina
751 2455 983 2505 comitatis
1010 2453 1186 2515 officia,
1226 2451 1481 2518 suspicaccs
1503 2455 1606 2516 illa,
1648 2452 1746 2503 haee
1820 2482 1826 2511 3.

216 2538 565 2590 contemptores
597 2524 814 2574 efficient.
913 2527 983 2574 Ut
1023 2522 1080 2571 de
1117 2522 1322 2590 gustibus
1355 2558 1367 2581 ,
1411 2523 1472 2572 sic
1508 2522 1565 2570 de
1599 2522 1749 2588 geniis

215 2594 404 2659 quaestio
436 2593 527 2642 esse
557 2611 654 2642 non
688 2593 842 2643 debet.
931 2595 1032 2641 Hos
1071 2609 1236 2654 amor,
1289 2592 1397 2641 illos
1444 2589 1741 2656 supercilium

213 2675 383 2711 manet.
456 2661 588 2710 Adeo
619 2676 772 2712 tamen
809 2661 1099 2727 malignantis
1144 2660 1354 2710 nonnulli
1386 2657 1485 2709 sunt
1534 2659 1742 2720 indolis,

210 2745 264 2780 ut
301 2734 480 2795 placeat
509 2747 667 2779 nemo.
737 2732 908 2794 Neque
931 2731 1126 2788 mirum,
1157 2746 1254 2779 non
1287 2728 1446 2777 eadem
1486 2726 1742 2792 sonipedes
1816 2759 1820 2777 1

208 2798 403 2867 regendi
428 2799 492 2849 est
519 2800 677 2869 regula
696 2838 708 2861 ,
745 2816 834 2850 nec
855 2799 1016 2851 eadem
1049 2799 1111 2848 est
1137 2798 1316 2848 animos
1343 2797 1607 2847 edomandi.
1641 2796 1739 2846 Ne·
1814 2818 1819 2848 z

1600 2881 1682 2915 mo

1819 2553 1824 2578 l
