1781 3151
516 81 1099 171 &comata
1400 93 1468 140 11

146 187 245 241 αλδ.
281 187 460 242 Mulier
479 188 530 238 t‘tt
553 191 643 240 tori
670 189 882 241 habenda
913 188 978 238 est
1013 186 1137 238 socia
1159 224 1173 249 ‚
1224 202 1328 237 non
1366 191 1554 244 ancilla.

36 257 235 308 Faemina
257 292 275 321 ‚
304 258 357 308 ὅ(
387 256 543 308 servus
575 263 735 309 natura
763 257 980 307 differunt
1003 294 1016 319 ,
1065 268 1224 306 monet
1249 257 1561 324 Philosophus

45 342 89 376 1.
113 329 256 376 Pom.
285 326 395 376 hine
424 323 642 375 serviliter
670 326 725 377 ab
766 343 816 375 ea
848 325 998 374 timeri
1019 324 1168 373 nolit:
1205 323 1377 378 leviora
1403 328 1556 378 indul·

39 407 144 462 geat
159 430 173 456 ,
210 394 269 445 de
294 393 542 458 majoribus
565 411 685 444 eum,
703 390 1031 463 significatione
1047 391 1250 442 candidae
1269 396 1435 443 mentis
1456 414 1558 445 mo·

41 476 177 514 neat:
215 480 363 528 neque
380 461 721 513 curiosenhnis
746 465 794 512 in
818 461 939 524 ac'la,
979 475 1055 511 aut
1091 460 1226 511 verba
1257 463 1414 510 omnia
1433 464 1560 514 inda-

41 543 138 598 get.
191 532 314 580 Tum
339 532 461 580 enim
486 569 497 589 ,
553 531 615 579 ait
654 527 924 597 Alphonsus
967 531 1098 588 Rex,
1134 529 1432 596 tranquillum
1471 534 1560 583 erit

41 598 314 666 conjugium
332 633 345 658 ,
381 598 412 648 fi
444 615 559 649 uxor
596 615 715 649 caeca
734 598 788 648 fit
815 632 829 658 ,
880 595 932 648 ὃζ
963 596 1153 648 maritus
1181 594 1354 648 surdus.
1441 602 1562 664 3ti6.

38 663 168 716 Cum
210 666 371 717 eadem
407 666 643 717 blanditiis
681 667 800 717 nihil
835 679 942 736 agat
964 699 978 724 ‚
1031 664 1160 732 quod
1199 666 1421 718 vecordiae
1467 669 1560 728 est,

43 749 206 782 eoram
231 736 455 785 extraneis
482 735 604 783 illam
634 751 876 801 nunquam
912 732 1164 802 objurget,
1214 733 1343 801 quod
1373 733 1558 787 infimiae

39 800 132 851 effe
152 801 267 853 dicit
303 803 580 855 Cleobulus.
637 803 766 853 Hine
788 801 822 852 fi
846 802 1010 852 vitium
1033 803 1080 852 in
1107 819 1161 851 ea
1183 801 1234 853 lit
1263 805 1334 852 irae
1362 837 1377 863 ,
1408 804 1566 869 loqua-

16 869 189 920 ‘citatis
214 905 226 930 ,
263 871 624 941 prodigalitatis,
659 872 820 924 luxus:
847 873 1064 937 exemplo
1081 906 1094 930 ‚
1135 870 1186 920 δί
1205 871 1337 940 lege,
1365 888 1462 921 non
1477 873 1566 922 fer-

40 951 98 986 ro
116 972 129 996 ,
167 936 218 987 ἃ
241 938 449 1004 stipione
466 940 754 1002 emendetur.
825 939 1078 990 Emendari
1106 940 1266 988 vitium
1294 938 1324 987 fi
1347 954 1565 1006 nequeat,

41 1003 291 1057 ferendum
320 1006 535 1073 tantisper
555 1041 568 1067 ,
608 1007 722 1056 dum
753 1008 996 1073 patientia,
1040 1005 1091 1056 ὅτ
1118 1007 1338 1074 exemplo
1373 1042 1386 1067 ,
1436 1011 1567 1073 cujus

43 1076 114 1123 vis
136 1073 201 1123 est
232 1075 492 1142 magnetica
509 1109 521 1133 ‚
558 1076 811 1126 molliatur.
844 1075 1021 1126 Allefta
1038 1077 1247 1126 voluntas
1268 1089 1397 1141 paret
1415 1077 1566 1129 libeu-

43 1154 112 1192 tet·
131 1178 145 1202 ,
183 1145 340 1193 consta
366 1159 648 1194 contumnax
670 1144 749 1194 est.
811 1143 1029 1195 Convitia
1057 1146 1083 1210 (
1106 1143 1372 1196 Aristoteles
1396 1163 1437 1194 c.
1468 1148 1566 1210 4.)

44 1208 98 1259 ἃ
123 1210 294 1272 injuriae
318 1210 458 1261 absint
480 1209 682 1277 semper.
743 1209 862 1261 Rosa
890 1212 1072 1264 incaute
1093 1215 1206 1262 taeta
1235 1210 1385 1276 spinas
1426 1213 1571 1265 intor-

10 1292 13 1295 '
46 1292 177 1342 quet.
224 1279 300 1330 Sic
326 1281 493 1329 mulier
513 1278 745 1346 asperatur
765 1279 905 1330 duris.
990 1282 1184 1331 Familiae
1204 1294 1358 1330 tamen
1393 1279 1570 1332 honori

46 1345 107 1395 fic
129 1345 496 1409 consulendum,
522 1363 572 1398 ut
595 1349 770 1417 flagitia
794 1383 808 1408 ,
844 1346 896 1399 &
916 1349 1227 1416 turpitudines
1249 1351 1441 1415 penitus
1467 1369 1569 1405 non

47 1415 317 1465 tolerentur.

151 1485 269 1545 3tia.
316 1485 544 1534 Ornatum
568 1501 657 1549 pro
688 1483 991 1543 conditione,
1023 1481 1075 1533 ἃ
1101 1485 1277 1536 decoro
1307 1486 1584 1555 indulgeat,

47 1551 277 1605 excessum
297 1550 490 1601 resecet.
559 1553 689 1617 Saepe
720 1553 845 1603 enim
866 1553 971 1617 plus
1013 1553 1248 1603 consumit
1283 1559 1575 1623 arrogantia,

45 1620 185 1682 quam
220 1620 422 1685 acquirat
457 1619 698 1671 industria:
735 1620 873 1669 esurit
899 1620 1071 1670 familia
1100 1659 1112 1684 ,
1148 1619 1202 1670 Sc
1251 1621 1387 1673 dorso
1424 1625 1574 1690 splen-

49 1685 167 1745 dor,
205 1685 257 1737 &
287 1686 534 1737 substantia
574 1688 727 1737 omnis
753 1702 992 1753 portatur,
1028 1705 1128 1740 non
1164 1689 1259 1739 fine
1285 1692 1574 1746 creditorum

49 1751 262 1818 ipsorum
278 1754 482 1816 damno,
524 1754 738 1805 &leelw
790 1757 883 1822 ᾳτὸ.
920 1757 1125 1818 Arcana,
1159 1756 1218 1807 ne
1234 1759 1346 1808 levia
1365 1762 1576 1826 quidem,

49 1825 96 1871 ei
118 1822 330 1890 detegat,
366 1836 441 1873 aut
466 1822 498 1871 si
535 1823 706 1889 aliquid
733 1823 774 1871 ei
796 1822 963 1873 dixerit
987 1858 1001 1882 ,
1040 1843 1138 1879 rem
1157 1827 1278 1875 certe
1309 1841 1455 1879 totam
1476 1850 1576 1883 non

53 1891 328 1942 manifestet.
397 1893 633 1944 Caetert'tm
660 1891 817 1941 omnia
843 1891 885 1940 ei
915 1892 1045 1941 domi
1072 1891 1160 1942 suae
1187 1892 1415 1961 confidat,
1463 1918 1579 1964 prae-

51 1971 261 2024 tet-quam
282 1957 426 2012 officii
456 1959 643 2025 publ-ici.
738 1962 826 2023 ςτό.
865 1963 919 2010 In
954 1962 1171 2012 omnibus
1192 1961 1253 2011 fic
1289 1964 1332 2011 ei
1368 1967 1578 2019 consulat

53 2027 310 2078 eoncordia
339 2031 526 2089 mutua,
562 2045 689 2094 ope,
730 2027 902 2077 auxilio
923 2063 935 2087 ,
973 2028 1194 2088 confilio,
1229 2028 1281 2079 ὃς
1323 2030 1429 2083 fidei
1461 2037 1580 2088 inte·

53 2095 220 2162 gritate
239 2131 252 2155 ,
286 2109 336 2145 ut
378 2096 619 2147 neminem
654 2112 772 2146 uxor
797 2112 887 2161 prae
912 2094 957 2146 fi:
981 2098 1077 2146 coli
1115 2097 1342 2166 intelligat
1371 2119 1386 2160 3
1431 2106 1579 2154 nemi.

54 2181 162 2216 nem
198 2161 292 2230 ipsa
311 2182 405 2231 prae
425 2167 521 2214 vit-0
545 2161 631 2213 suo
666 2165 899 2214 utiliorem
926 2163 1007 2214 fibi
1027 2206 1038 2227 ‚
1085 2163 1139 2214 ὃ(
1171 2168 1414 2219 meliorem
1433 2203 1449 2230 ,
1488 2173 1578 2224 five

51 2231 322 2300 praesentem
342 2271 356 2294 ,
386 2232 477 2283 five
496 2232 727 2283 absentem
749 2234 987 2284 existimet.
1059 2236 1153 2284 ὄτὸ.
1178 2235 1431 2288 Univerfim
1449 2240 1482 2289 fi
1495 2241 1582 2293 hu·

55 2301 180 2350 milis
200 2300 281 2360 fit,
320 2300 468 2350 faveat
489 2319 503 2360 3
544 2301 576 2350 si
594 2302 828 2367 prudens,
846 2303 1092 2353 commiter
1121 2304 1309 2363 n·a5tet;
1344 2305 1375 2355 fi
1396 2307 1578 2374 stolida,

54 2369 225 2421 aeriter
255 2367 502 2433 aliquando
531 2371 764 2434 increpet3
797 2366 831 2417 fi
856 2367 1050 2435 superba
1068 2406 1080 2429 ‚
1116 2379 1335 2422 coerceat.
1384 2378 1480 2442 Qui
1505 2377 1583 2430 su-

54 2436 208 2508 perbae
233 2450 391 2503 paret,
427 2438 673 2502 imperium
704 2436 899 2495 amittit;
945 2437 1166 2489 humilem
1199 2441 1276 2504 qui
1307 2446 1580 2508 conculcat,

56 2506 238 2558 eanden
265 2505 446 2570 perdit:
488 2505 567 2570 qui
601 2505 882 2570 prudentem
913 2509 1075 2557 acriter
1108 2506 1404 2572 reprehendit
1433 2552 1445 2575 ‚
1492 2514 1576 2564 de.

55 2575 362 2641 sperationem
402 2572 632 2636 aceerfit3
665 2574 747 2641 qui
798 2573 1009 2626 stolidam
1040 2575 1177 2627 nimis
1221 2575 1385 2628 blande
1426 2585 1580 2650 regit,

57 2643 284 2700 irridetur·

164 2713 318 2761 Mater
364 2710 555 2763 familias
591 2708 861 2764 contrahis
906 2709 1096 2762 viciffim
1144 2711 1331 2764 dotibus
1375 2716 1572 2778 polleat,

53 2782 88 2834 fi
115 2779 404 2837 substantiam
428 2780 602 2836 servare
618 2816 632 2843 ‚
669 2780 724 2833 &
746 2795 914 2849 augere
935 2781 1043 2833 velit
1063 2781 1114 2835 in
1144 2784 1267 2835 reete*
1292 2782 1490 2835 instituta
1510 2785 1575 2839 fa·

1364 2851 1506 2903 milia,
