1781 3151
316 110 388 158 12
706 95 1284 184 ξῦξΗΗὲἔέ-ἓέ

236 196 375 247 milia,
427 196 538 247 Ima.
573 198 689 248 Viro
714 215 897 264 parcat,
934 197 1126 261 sociam,
1152 220 1253 252 non
1283 200 1523 252 dominam
1544 199 1639 253 sese
1659 221 1755 255 cre·

237 266 368 314 dens.
424 268 583 326 Uxor,
620 270 670 316 <St
705 270 893 318 maritus
914 268 1006 318 duo
1038 269 1140 322 sunt
1177 269 1469 337 Magistratus
1501 309 1512 329 ‚
1565 273 1626 321 ait
1654 277 1755 321 Ari·

234 334 424 383 stoteles
451 337 479 384 l.
512 350 549 384 1.
582 337 677 386 Pol.
707 338 778 386 ille
810 339 984 400 major,
1026 338 1121 389 haec
1148 341 1329 390 minor:
1370 341 1395 388 a
1437 341 1614 396 maiore
1642 358 1755 406 pen·

231 401 369 460 deat‚
406 406 545 469 eique
564 404 873 472 obtemperet.
944 408 1045 456 ada.
1078 408 1244 457 Sedula
1271 407 1318 457 iu
1347 407 1563 457 curandis
1591 408 1754 458 dome-

231 470 357 519 sticis
388 471 512 530 juxta
533 488 733 524 mentem
753 510 765 532 ‚
794 473 843 523 ἅ
874 475 936 538 1⁷3..
954 491 1003 524 cs
1027 476 1149 524 viriq
1193 475 1408 527 Studiosa
1445 476 1752 542 providentiae

230 539 279 587 in
309 538 476 590 iisdem
499 581 512 605 ,
545 542 604 591 ne
633 545 696 592 rei
731 543 922 605 alicujus
950 541 1002 592 fit
1032 543 1188 609 inopia
1220 560 1235 603 3
1264 543 1431 594 nitoris
1456 579 1467 602 ,
1524 548 1574 596 ἃ
1605 546 1754 595 lione·

227 607 385 667 statis,
421 626 481 660 ne
507 610 618 673 quid
642 608 876 676 dIspliceat
900 628 913 669 ς
952 611 1124 661 ordinis
1152 647 1164 670 ‚
1196 628 1257 661 ne
1277 625 1549 676 quaerentem
1579 611 1750 678 aliquid

226 674 381 736 fallat;
416 678 751 731 mediocritatis
780 715 791 738 ,
829 676 881 728 &
917 678 1190 749 frugalitatis
1219 715 1231 738 ‚
1284 695 1334 729 ut
1370 679 1658 739 valetudini,
1694 678 1746 732 ἃ

225 743 290 794 rei
312 742 521 796 familiari
548 747 807 800 consultum
842 746 906 799 sit.
956 751 1074 812 μὴ).
1112 751 1166 800 In
1191 748 1288 798 afta
1319 748 1399 796 viri
1421 765 1520 798 non
1536 750 1749 814 inquirat,

224 830 379 878 neque
409 815 456 865 in
476 832 632 866 arcana
651 857 662 879 ‚
701 828 849 883 neque
869 817 916 866 in
948 830 1135 868 externa
1155 818 1328 868 munia.
1399 815 1523 865 Nam
1540 817 1745 882 faeminae

209 882 475 948 filentium,
512 881 842 951 &prudentia
864 885 1220 951 pulcherrimum
1248 920 1260 945 ,
1312 887 1418 955 quia
1452 885 1742 954 rariffimum,

226 951 288 1000 ait
313 952 594 1003 Heraclides.
1492 976 1495 978 ·
1584 988 1587 991 -

325 1022 420 1083 ᾳτὸ,
455 1020 642 1072 Sincere
662 1039 769 1072 cum
790 1023 893 1074 viro
922 1035 1029 1089 agat
1048 1056 1060 1080 ‚
1095 1022 1301 1076 eundem
1327 1021 1540 1083 aestimet,
1585 1018 1636 1068 ἃ
1663 1035 1744 1072 co·

217 1087 284 1136 lat
306 1121 319 1146 ,
354 1104 451 1138 tum
474 1090 685 1153 eiusdem
702 1089 921 1160 sauguine
943 1090 1140 1151 inustos,
1186 1092 1308 1144 Hine
1331 1091 1482 1144 eidem
1507 1087 1652 1140 fidem
1674 1088 1745 1140 in-

219 1168 398 1222 tegram
431 1157 579 1209 servet
601 1195 614 1218 ‚
647 1161 745 1222 ejus
771 1158 958 1210 nutibus
992 1161 1038 1207 in
1068 1159 1285 1211 omnibus
1308 1161 1445 1212 reetis
1463 1194 1477 1219 ‚
1527 1158 1578 1206 <St
1602 1157 1747 1225 aequis

221 1223 502 1291 obsequens,
538 1225 730 1278 adversa.³
748 1263 760 1286 ,
800 1227 851 1276 ἃ
876 1225 1085 1277 secundae
1111 1225 1246 1278 sortis
1285 1245 1443 1279 comes
1473 1226 1526 1280 {it
1546 1260 1559 1283 ‚
1587 1222 1640 1276 &
1665 1223 1742 1275 ad·

216 1293 370 1356 juti-ix,
449 1297 538 1358 ςτὸ.
571 1296 853 1347 Modestiam
878 1335 890 1359 ,
925 1293 977 1344 &
1004 1295 1248 1358 virtutem,
1284 1298 1386 1348 vitae
1414 1293 1638 1353 honest-x,
1690 1291 1744 1344 &

217 1362 402 1427 pudicae
439 1363 637 1415 studium
687 1378 816 1415 curet
856 1401 867 1423 ,
927 1365 976 1412 (St
1004 1362 1059 1415 ab
1095 1365 1190 1417 hoc
1224 1364 1547 1419 commendari
1580 1361 1743 1428 potitis

218 1445 415 1497 quaerat,
455 1433 591 1497 quam
624 1434 818 1484 vestium
835 1431 1109 1497 splendore,
1149 1433 1307 1486 formae.
1345 1431 1524 1501 specie,
1572 1447 1744 1498 corpo-

218 1500 279 1548 1·i.-‚
318 1499 495 1563 nitore,
535 1500 606 1550 vel
641 1518 767 1550 auro.
834 1501 974 1550 Certa
1002 1499 1054 1549 fit
1082 1535 1093 1556 ‚
1128 1501 1330 1567 gloriam
1366 1503 1488 1554 hanc
1523 1499 1743 1564 omuibus

214 1569 313 1618 aliis
350 1569 621 1619 antecellere
645 1607 657 1629 ,
683 1568 734 1617 &
755 1569 856 1633 plus
886 1566 983 1618 haec
1010 1566 1180 1619 decora
1212 1566 1267 1622 a'd
1292 1570 1477 1620 laudem
1502 1566 1740 1626 sinceram,

214 1640 356 1704 quam
387 1636 463 1686 illa
486 1635 750 1688 ambitionis
776 1635 1078 1685 instrumenta
1098 1637 1326 1687 conferre-2
1378 1638 1502 1687 Hinc
1533 1635 1634 1683 raro
1655 1635 1741 1686 do-

213 1724 295 1755 mo
325 1718 491 1767 exeat„.
519 1722 604 1754 nec
630 1704 720 1753 nisi
751 1703 774 1752 ἐ
805 1704 889 1753 viri
925 1701 1414 1769 praescriptosumptus
1439 1704 1591 1755 faciat.
1640 1706 1744 1752 Par·

212 1774 312 1824 cius
344 1773 559 1823 sevestiat
582 1808 594 1830 ,
635 1790 684 1822 ac
704 1774 832 1839 leges
863 1770 1020 1822 fiuant.
1091 1774 1144 1823 In
1165 1771 1357 1822 domum
1382 1772 1650 1827 neminem,
1670 1771 1741 1823 ni·

209 1844 252 1895 si
279 1842 361 1892 viri
393 1839 580 1892 arbitrio
604 1880 616 1904 ‚
667 1840 871 1890 inducat.
937 1840 1031 1888 όῑὸ.
1079 1840 1295 1906 Denique
1328 1839 1377 1890 id
1417 1841 1737 1891 Romanorum

209 1912 338 1961 cordi
369 1907 547 1966 stimat,
586 1909 753 1975 quibus
791 1907 976 1958 infamia
1008 1907 1254 1959 notabatur
1289 1908 1491 1965 mulier,
1538 1924 1639 1972 quae
1675 1908 1740 1957 le-

210 1997 327 2048 gum
359 1976 519 2028 harum
540 1993 634 2027 erat
663 1976 991 2040 contemptrix.
1073 1990 1111 2024 1.
1149 1976 1226 2026 Ne
1248 1977 1364 2025 iuter
1390 1975 1647 2042 spectacula
1667 1975 1738 2025 fa-

205 2049 406 2098 buletur.
458 2064 502 2096 2.
534 2045 610 2094 Ne
635 2045 752 2096 cibis
782 2041 824 2092 se
862 2044 1133 2113 ingurgitet.
1225 2061 1268 2105 3.
1310 2044 1387 2094 Ne
1427 2043 1600 2095 secreto
1624 2060 1735 2093 cum

203 2117 306 2168 viro
343 2113 645 2178 colloquatur.
697 2132 742 2172 4.
767 2112 847 2162 Ne
883 2113 1052 2161 oculos
1088 2112 1136 2161 in
1165 2111 1281 2164 fanis
1309 2112 1503 2164 attollat.
1577 2127 1619 2171 5-
1653 2112 1737 2163 Ne

206 2185 268 2236 de
287 2182 498 2234 fenestris
530 2180 814 2249 prospectet.
875 2184 920 2229 6.
963 2180 1042 2230 Ne
1079 2179 1225 2230 domo
1262 2181 1356 2231 fine
1381 2181 1546 2229 marito
1585 2194 1730 2230 exeat.

202 2253 350 2323 Qiod
373 2249 520 2300 hodie
550 2248 895 2315 compluribuS,
933 2249 1071 2301 etiam
1103 2251 1303 2316 Europae
1337 2247 1547 2301 cultioris
1589 2281 1604 2310 ,
1648 2265 1734 2317 po·

204 2323 329 2390 pulis
361 2321 409 2369 in
438 2316 522 2368 usu
561 2319 627 2368 est
659 2316 930 2370 admodum.

310 2390 563 2439 Naturalis
589 2387 828 2437 bonorum
861 2383 1067 2448 posseffio
1092 2384 1176 2438 alja
1202 2383 1266 2434 est
1285 2420 1297 2442 ,
1333 2385 1384 2436 ut
1410 2385 1726 2452 agricultum.

199 2458 417 2524 aucupii,
458 2457 740 2517 venationis,
782 2451 1023 2519 pastionis·
1087 2452 1374 2519 Artificialis
1407 2455 1472 2504 est
1507 2453 1625 2516 alia,
1678 2451 1730 2500 fit

201 2540 494 2580 mercatum,
536 2525 586 2573 ἃ
614 2521 1010 2575 commutationis.
1077 2522 1208 2572 Illam
1229 2535 1385 2572 natura
1405 2556 1419 2582 ‚
1457 2522 1620 2570 Parcus
1639 2517 1730 2568 ho-

199 2596 412 2656 minum,
449 2592 569 2644 hanc
599 2592 819 2642 industr'a
860 2590 1045 2657 reperit,
1114 2594 1169 2640 In
1193 2590 1268 2641 illa
1308 2589 1509 2655 primam
1534 2586 1613 2635 fibi
1643 2603 1724 2636 cu·

196 2682 296 2715 ram
329 2661 544 2714 vendicat
576 2661 877 2726 plurimarum
912 2697 923 2719 ‚
974 2655 1025 2706 ἃ
1060 2659 1342 2723 optimarum
1383 2674 1535 2706 rerum
1574 2652 1663 2703 suis
1696 2655 1724 2705 ἕ

196 2733 328 2783 terris
364 2731 514 2795 copia.
589 2729 855 2786 Convenit,
890 2726 943 2777 &
977 2727 1271 2778 neceslarium
1305 2727 1366 2776 est
1397 2728 1441 2774 in
1473 2723 1570 2773 hoc
1607 2722 1724 2782 caeli,

196 2801 308 2866 soli,
342 2799 548 2869 regionis
582 2799 808 2852 rationem
844 2794 1043 2856 haberi,
1077 2795 1369 2865 diligentiam
1402 2793 1565 2845 locari.
1633 2790 1725 2840 ada

1586 2857 1665 2910 est·-
