1832 3151
515 82 1086 176 Ξὲῗὲ(0)ἓ<ἐὲ
1395 104 1480 167 41

126 244 806 336 QuAEs‘rro
885 238 1463 311 ETHICA.

33 390 136 454 Aa
170 389 363 476 gratia
403 384 596 450 valeas
612 432 632 464 ‚
675 385 750 447 89³
792 401 1006 447 morum
1028 425 1048 458 ,
1094 381 1306 445 muniis
1349 378 1561 468 dignio-

632 491 729 525 rem
762 473 930 524 reddat
954 472 978 521 ?

501 575 1116 635 AFFIRMATuR.

130 675 149 722 Ι
181 689 282 739 quae
308 673 432 724 orbis
460 673 721 722 commodo
750 669 834 723 suo
857 672 994 735 vidit,
1030 685 1107 721 aut
1126 669 1416 736 periclitatus
1436 685 1567 719 eom-

30 675 125 840 S
161 742 355 808 pendia,
389 741 491 792 haee
521 741 979 809 Phyliognomorum
997 739 1144 789 fuere.
1237 742 1435 788 Amcena
1471 755 1573 789 eor·

162 827 279 874 pora
311 810 519 876 (horum
550 828 660 859 eum
698 811 912 860 Lucretio
941 824 1035 859 erat
1073 808 1230 875 regula
1248 808 1314 868 3)
1357 824 1489 860 mens
1524 825 1567 857 a·

32 893 187 927 moena
218 878 459 928 inhabitat.
527 878 785 928 Laboribus
817 879 1058 945 quondam
1079 916 1091 940 ‚
1130 875 1362 926 favoribus
1394 874 1570 935 hodie,

27 944 62 997 fi
94 963 190 997 non
220 947 329 1006 Dii,
360 947 532 997 venalia
558 946 680 998 certe
709 946 850 996 habet
880 948 1039 999 omnia
1071 943 1293 995 mundus.
1359 944 1568 1009 Rapiunt

27 1012 117 1064 hos
142 1013 223 1063 fibi
255 1016 520 1066 Placentini.
591 1018 735 1064 Rarus
767 1015 965 1080 publico
992 1013 1190 1080 prodest
1227 1013 1444 1077 dotibus,
1482 1012 1574 1064 nisi

26 1079 235 1134 sublevet
271 1083 419 1134 favor.
507 1083 672 1134 Defint
697 1085 860 1134 merita
890 1119 904 1145 ,
950 1083 1065 1135 adfit
1102 1081 1280 1139 forma,
1323 1080 1377 1131 δι
1409 1096 1572 1134 comes

29 1151 201 1220 gratia,
232 1154 372 1204 virtus
399 1152 445 1202 in
474 1151 606 1201 terris
639 1153 832 1204 creati-IX
855 1188 868 1214 ,
913 1169 1017 1220 quae
1064 1169 1119 1201 ex
1150 1150 1299 1200 nihilo
1334 1152 1491 1216 potest
1519 1168 1572 1201 0-

30 1220 181 1279 mnia‚
211 1220 407 1271 aderunt
452 1220 623 1272 omnia.
695 1223 854 1272 Virtus
888 1221 985 1287 ipsa
1016 1220 1109 1272 fine
1141 1218 1291 1270 forma
1323 1218 1377 1268 &
1411 1218 1569 1270 favore

26 1288 205 1357 ingrata
237 1289 301 1339 est
323 1323 338 1354 ‚
373 1287 520 1338 scelus
559 1290 717 1339 cono-2⁸³
749 1288 899 1353 ipsum
928 1292 1020 1352 jam
1055 1292 1236 1353 placet,
1273 1288 1382 1338 cum
1412 1286 1576 1353 perso-

23 1371 86 1406 na
107 1358 273 1422 placet.
341 1357 616 1407 Orationem
645 1358 918 1422 aptiffimam
949 1356 1103 1409 censet
1131 1357 1442 1422 Eloquentia,
1472 1375 1573 1424 quae

23 1424 201 1475 tametfi
236 1439 386 1477 careat
410 1442 585 1488 nei-VO,
614 1427 850 1478 lenocinio
885 1427 1149 1495 g101·iatur;
1193 1424 1317 1491 quali
1351 1425 1463 1476 vero
1499 1429 1574 1476 vel

22 1491 186 1545 invitas
216 1495 264 1544 in
298 1493 574 1560 obsequium
600 1510 746 1562 cogat
774 1498 1058 1558 voluntates,
1093 1510 1226 1561 atque
1272 1493 1389 1545 adeo
1428 1512 1571 1547 omne

24 1562 180 1613 tulerit
215 1565 454 1627 punCtum.
525 1563 688 1613 Bravio
722 1565 916 1632 dignior
954 1582 1122 1622 nemo,
1169 1563 1310 1629 quem
1340 1580 1432 1630 pro
1471 1582 1572 1630 quo

23 1628 261 1680 liberalior
287 1631 424 1682 donis
464 1631 557 1682 suis
594 1648 784 1698 perorat
826 1648 1001 1684 natura.
1072 1636 1222 1682 Tanta
1258 1631 1320 1680 est
1352 1633 1569 1687 virtutem

23 1697 165 1764 inter,
206 1714 340 1766 atque
379 1700 495 1751 adeo
532 1700 749 1751 meritum
775 1703 918 1762 inter,
951 1699 1003 1750 ὃς
1034 1699 1237 1750 formam
1273 1701 1566 1752 communio.

26 1770 134 1834 Qlo
167 1768 292 1820 enim
322 1771 460 1834 pasto
493 1770 655 1832 injuria
680 1769 760 1832 fit,
792 1783 869 1818 aut
898 1767 987 1817 esse
1018 1769 1159 1834 possit
1191 1769 1339 1836 gratia
1371 1770 1445 1833 ei,
1491 1771 1570 1820 cui

21 1850 185 1886 natura
222 1839 424 1903 pretium
454 1840 598 1908 longe
630 1838 883 1888 maximum
927 1838 1158 1897 contulit,
1194 1853 1295 1886 nou
1333 1838 1421 1887 alio
1457 1835 1570 1890 sane

28 1920 248 1966 munere,
283 1908 421 1973 quaim
439 1921 492 1957 ut
513 1907 682 1971 rapiat,
712 1906 827 1954 dum
846 1904 920 1955 del
930 1906 1059 1956 eolat.
1131 1908 1363 1968 Munera,
1390 1905 1444 1957 ἃ
1464 1925 1565 1958 mu-

25 1973 101 2023 nia
121 1975 284 2041 gratiae
315 1973 441 2037 sunt,
480 1989 558 2025 aut
587 1974 882 2040 Principum,
913 1988 990 2023 aut
1019 1974 1241 2034 Senatfi83
1271 1976 1570 2042 meliorpor.

24 2056 82 2090 ro
119 2041 375 2107 arefficirque
407 2045 531 2092 nulla
565 2043 869 2104 communio,
904 2061 956 2092 ae
990 2043 1275 2101 Gratiarum,
1308 2041 1432 2093 reste
1474 2045 1566 2114 igi.

26 2121 101 2158 tur
131 2109 298 2177 gratias
325 2112 484 2177 gratiis
505 2111 655 2161 vultos
681 2107 733 2159 ὃ(
757 2128 941 2160 morum
957 2146 971 2171 ‚
996 2111 1189 2180 vec‘iigal
1216 2111 1445 2175 pendisti‚
1465 2132 1565 2166 non

25 2178 275 2242 praemium
318 2179 568 2230 contulisti.
657 2179 856 2230 Provida
892 2196 1048 2230 rerum
1093 2198 1259 2244 parens
1288 2194 1474 2244 natura,
1512 2183 1566 2234 ut

25 2244 233 2312 prodiga
263 2245 325 2296 est
354 2247 572 2310 minime,
602 2248 669 2299 nil
694 2247 789 2298 fine
821 2248 914 2299 fine
941 2266 1165 2312 operans,
1196 2249 1259 2298 itai
1286 2264 1410 2314 quos
1430 2249 1562 2313 ditat,

25 2314 161 2363 ditari
197 2316 391 2381 amplius
426 2318 569 2381 eupit.
641 2319 848 2366 Hamum
876 2315 1050 2380 praebet
1071 2356 1082 2378 ‚
1111 2333 1206 2384 quo
1233 2318 1410 2380 nestat,
1447 2320 1565 2370 dum

26 2398 183 2447 operae
212 2384 408 2447 pretium
439 2385 568 2434 ferat.
634 2390 817 2436 Aurum
844 2385 932 2436 nisi
953 2384 1153 2453 fulgeat,
1192 2401 1433 2453 argentum
1463 2389 1562 2438 nisi

25 2450 196 2513 niteat,
221 2453 415 2502 metallis
436 2453 604 2503 caetezis
630 2471 729 2509 non
756 2453 995 2505 eminebit.
1065 2455 1230 2504 Forma
1262 2457 1483 2505 moralem
1508 2475 1561 2507 u-

24 2521 177 2585 trique
209 2523 410 2571 contulit
436 2522 728 2588 dignitatem.
799 2524 885 2574 Sol
922 2521 1122 2574 chorum
1149 2521 1350 2572 siderum
1389 2524 1521 2576 ducit
1544 2565 1558 2589 ‚

25 2588 155 2639 Luna
193 2588 322 2638 nosti
345 2590 561 2654 imperat,
595 2591 767 2642 carebit
802 2608 997 2658 uterque
1030 2591 1259 2656 imperio,
1291 2593 1324 2642 fi
1359 2592 1436 2641 ille
1468 2592 1560 2644 ful-

25 2670 164 2722 gore,
193 2656 293 2706 haee
321 2661 554 2721 candore,
590 2675 734 2719 auron,
774 2659 827 2710 ὃς
854 2672 1050 2727 argento
1093 2659 1253 2709 aemula
1296 2659 1383 2710 esi‘e
1417 2660 1554 2712 desie-

27 2723 135 2774 rint.
206 2726 396 2791 Nempe
431 2728 494 2777 est
519 2727 678 2778 formae
701 2727 919 2779 suadendi
946 2729 1143 2777 maxima
1172 2728 1266 2786 vis,
1298 2726 1350 2776 &
1374 2728 1559 2792 persua-

25 2790 184 2844 dendi.
251 2795 548 2862 Rumpunttu·
585 2795 845 2861 obstacula,
885 2810 1078 2851 conatus
1105 2795 1551 2862 impr-obiesenten-

748 2864 791 2918 C
835 2883 858 2932 5
1419 2865 1480 2915 tia
