1832 3151
501 113 1080 202 &cmm
1386 142 1476 201 133

1 234 3 275 ς
31 219 132 280 Ira,
163 216 363 272 fulminis
385 221 601 289 grassatur
632 223 678 272 in
716 239 911 272 morem.
1016 227 1146 274 Hora
1178 225 1346 289 qut-'evis
1380 229 1520 278 dilata
1546 260 1563 286 ,

32 285 178 336 ablata
202 287 278 338 est.
356 291 462 338 Una
492 290 587 339 haec
604 325 616 348 ,
648 290 874 356 quidquid
898 290 1143 349 distulerit,
1168 293 1281 344 dum
1316 311 1527 362 erumpat
1545 328 1562 354 ,

1 382 3 399 ;
33 355 83 402 in
121 355 240 404 virus
264 357 492 407 convertit
524 360 706 418 omnia3
733 358 875 409 exitio
913 361 1061 411 alieno
1086 360 1194 411 cum
1219 376 1417 429 nequeat
1436 399 1449 423 ,
1486 366 1563 414 tri·

29 421 261 488 timphans
290 422 385 475 fito.

594 513 983 576 ERuPTio.

128 621 185 669 ΖΕ
217 618 342 679 orbi,
381 617 413 668 fi
446 619 640 668 limitem
675 616 802 668 furor
830 617 1012 669 nesciat.
1081 616 1182 667 Ubi
1208 617 1438 682 eruperit,
1461 634 1560 667 cru-

161 687 313 738 delior
339 689 521 736 flamma
546 686 624 736 est.
691 687 852 736 Sedari
873 686 1120 751 impatiens
1139 727 1152 748 ,
1187 701 1286 735 non
1312 685 1416 735 ante
1435 687 1559 750 quie-

27 753 137 812 scit,
174 775 225 806 ac
261 756 372 805 dum
400 754 472 815 se,
520 753 687 821 finique
720 754 899 805 damnis
942 755 1058 818 eripi
1092 754 1276 812 cernit3
1326 753 1559 819 quemque

0 825 219 890 ,corripit
237 837 549 889 ,corrumpat
621 825 765 873 Mons
795 825 948 874 omnis
970 821 1153 872 turbine
1169 822 1262 871 hoc
1280 860 1292 884 ,
1326 822 1385 871 ne
1405 823 1558 888 olym·

0 908 89 957 ipo
115 893 302 956 quidem
351 906 577 956 excepto,
622 893 877 956 aequabitur
913 891 1026 941 solo.
1096 890 1334 940 Torrentis
1371 907 1503 940 more
1541 927 1555 950 ,

0 960 104 1024 ‘qui
139 959 286 1010 saxeas
319 963 464 1009 moles
496 964 584 1009 una
622 977 677 1008 ac
708 959 854 1027 sylvas
883 961 931 1010 in
962 958 1163 1026 spolium
1196 958 1328 1024 rapit.
1420 960 1556 1024 Rapit

22 1029 240 1093 inquam3
268 1028 511 1094 impellunt
535 1027 655 1076 enim
681 1027 786 1077 vitia
808 1028 982 1094 reliqua
998 1063 1010 1086 ,
1038 1027 1296 1092 praecipitat
1320 1026 1399 1076 ira.
1440 1029 1551 1076 Mo-

24 1094 238 1146 deratum
276 1096 505 1147 nihilscit
533 1096 613 1144 ira.
705 1098 881 1154 Furor,
925 1096 976 1146 ἃ
1019 1096 1165 1145 caedes
1197 1094 1295 1145 fere
1338 1094 1419 1144 sibi
1450 1093 1556 1145 sunt

28 1166 239 1214 comites.
310 1166 508 1229 Unaque
534 1163 598 1212 est
626 1164 754 1230 quies
781 1163 997 1227 furentis,
1017 1162 1172 1214 secum
1204 1164 1361 1212 omnia
1385 1162 1553 1228 sepeli-

23 1249 98 1290 re,
140 1230 191 1281 <Sc
221 1231 319 1281 fato
349 1232 599 1282 involvere.
691 1230 1019 1299 Chymaeram,
1053 1231 1104 1280 ἃ
1149 1235 1334 1281 AEtnam
1372 1247 1559 1282 montes
1599 1288 1603 1292 ,

20 1298 290 1366 ignivomos
326 1299 598 1367 prodigium
642 1300 773 1350 dedit
807 1315 966 1350 natura
992 1339 1006 1363 ,
1044 1299 1234 1350 eosdem
1278 1314 1432 1350 tamen
1469 1300 1558 1350 effe

19 1368 138 1431 juffit
179 1368 531 1417 documentum.
637 1368 868 1418 Viciniam
893 1368 981 1419 late
1017 1385 1204 1418 omnem
1226 1367 1519 1432 pessumdant
1540 1408 1554 1432 ,

20 1435 130 1484 dum
156 1437 333 1487 crudeli
364 1434 552 1487 saeviunt
587 1437 877 1486 flammarum
902 1436 1047 1496 rium
1072 1438 1277 1488 flammas
1296 1436 1394 1486 finu
1414 1435 1494 1486 suo
1521 1437 1556 1490 fi

19 1520 343 1569 concoquant,
377 1503 593 1555 faecundis
627 1505 782 1572 rigent
817 1504 1015 1555 nivibus.
1112 1506 1277 1572 Rigere
1307 1505 1513 1556 crinibus
1535 1542 1548 1566 ,

19 1570 265 1622 scintillare
297 1574 469 1636 oculis,
499 1587 714 1639 torquere
742 1573 886 1634 colla,
916 1591 1100 1623 arenam
1128 1575 1281 1634 calce,
1308 1574 1515 1624 clamore
1535 1609 1549 1634 ,

1 1637 70 1701 ⁸&
102 1642 212 1691 fletu
237 1649 389 1690 aerem
423 1645 701 1706 proturbare
724 1641 978 1690 belluarum
1016 1642 1103 1702 est,
1139 1642 1246 1691 cum
1281 1640 1550 1709 sanguinem

3 1706 181 1760 fitium.
255 1713 315 1759 Et
347 1711 440 1759 haee
460 1712 716 1772 rationem,
757 1711 897 1770 vires,
931 1710 1136 1758 animum
1160 1709 1382 1760 foveant?
1421 1711 1554 1760 Scin·

16 1777 160 1826 tillam
211 1780 503 1843 comprime3
541 1798 680 1845 quam
725 1777 877 1843 digito
923 1794 1142 1839 enervas,
1189 1777 1270 1826 fibi
1305 1779 1506 1829 relictam
1533 1814 1547 1837 ,

16 1848 194 1896 AEtnaeo
227 1847 410 1915 grassari
447 1847 660 1897 incendio
692 1843 1021 1910 obstupesces3
1072 1845 1131 1895 {ic
1162 1845 1226 1894 ira
1260 1846 1308 1895 in
1345 1845 1550 1896 furorem

16 1912 281 1981 degenerat,
348 1916 471 1963 Hinc
495 1932 594 1964 nou
623 1915 816 1964 rationis
846 1914 1021 1976 modo,
1083 1911 1160 1963 sed
1187 1912 1379 1964 sanitatis
1413 1917 1548 1964 causa

14 1982 244 2030 vitandam
287 1982 466 2030 monuit
494 1983 684 2047 Sapiens
720 1986 806 2046 Ep.
833 1994 900 2037 18.
939 1985 1200 2032 Ventorum
1234 1983 1460 2033 conclude
1502 2000 1556 2031 a·-

17 2050 200 2114 gmhm,
235 2067 367 2098 aurea
387 2047 578 2112 spirabit
597 2050 924 2116 tranquillitas,
949 2050 1311 2101 dominabuntur
1338 2051 1548 2099 mariAl-

15 2134 207 2183 cyoneS.
277 2118 512 2184 Repagula
549 2117 699 2181 solve,
735 2116 785 2166 ἃ
814 2121 933 2168 coelo
966 2117 1145 2169 misceri
1173 2136 1385 2183 aquarum
1413 2135 1545 2168 mon-

16 2198 82 2234 tes
110 2185 303 2236 videbis.
371 2187 489 2235 Non
520 2203 682 2248 omne,
722 2185 852 2252 quod
887 2186 1010 2237 fraeni
1047 2186 1225 2237 videtur
1255 2187 1543 2252 impatiens,

14 2251 248 2303 staenatum
271 2256 473 2324 languet.
553 2254 818 2304 Indomitus
844 2251 1053 2305 sessorem
1088 2271 1190 2304 non
1227 2255 1397 2320 patitur
1428 2252 1550 2303 soni·

15 2337 124 2436 pes3
161 2324 378 2387 quantum
411 2325 558 2373 calcar
588 2337 752 2390 urget,
802 2322 978 2373 tantum
1008 2337 1225 2388 torquent
1253 2324 1297 2372 in
1331 2321 1542 2372 officium

31 2389 217 2439 iabeuae.
316 2390 398 2440 Vis
435 2391 527 2454 ipsa
560 2391 672 2440 dum
710 2391 825 2440 alios
867 2394 1009 2456 petit,
1043 2393 1091 2440 in
1133 2388 1180 2440 se
1218 2390 1388 2455 pariter
1420 2389 1544 2439 furit.

16 2458 145 2522 Rapit
180 2472 360 2508 torrens
390 2458 575 2517 littora,
616 2457 659 2507 se
692 2458 860 2508 iisdem
893 2459 1067 2518 turbat,
1093 2456 1146 2508 &
1173 2473 1342 2526 gravat.
1409 2458 1545 2508 Nun-

18 2541 153 2586 quam
186 2526 381 2576 libertati
415 2524 500 2577 suae
537 2526 629 2576 fera
663 2526 908 2576 dimittitur
931 2562 944 2584 ‚
980 2527 1038 2577 ne
1069 2541 1267 2584 noceat3
1300 2525 1545 2592 spectanda

19 2591 179 2654 datur,
214 2592 288 2642 sed
325 2595 349 2643 e
389 2611 525 2643 cavea
556 2595 788 2644 duntaxat.
863 2595 1162 2656 Clementiae,
1192 2593 1244 2642 δί
1267 2594 1432 2645 amoris
1450 2592 1545 2642 fru-

19 2659 110 2708 stus
140 2662 363 2726 quantum
403 2661 619 2726 prosunt,
667 2663 844 2711 tantum
870 2678 1038 2713 nocent
1068 2665 1140 2712 irae
1170 2664 1325 2716 laxarat
1348 2662 1543 2712 fulmina

16 2727 222 2787 authori,
251 2727 302 2779 &
331 2731 618 2794 Reipublicae.
687 2730 759 2779 Illi
786 2729 898 2779 boni
932 2731 1110 2796 publici
1141 2728 1242 2780 sunt
1270 2729 1542 2779 fundamen-

16 2806 84 2856 ta,
111 2795 203 2847 haec
229 2798 487 2849 evertendae
516 2812 766 2849 momenta.
839 2803 965 2851 Inter
985 2801 1086 2852 vitae
1106 2797 1254 2850 civilis
1282 2797 1539 2847 fluetusseu

755 2870 775 2914 1
814 2879 835 2928 3
1425 2865 1474 2914 in
