1832 3151
504 112 1076 202 ffiwHssss-{ss
1410 133 1482 197 13

44 223 140 276 Ubi
165 221 342 275 nemini
371 224 590 272 molestus
609 255 622 279 ,
646 219 830 285 lepidus
860 219 1080 268 omnibus
1109 216 1194 266 esse
1225 216 1372 272 stude.
1440 226 1574 273 Petu-

42 294 207 343 lantius
240 294 286 342 in
322 307 365 341 te
400 290 518 338 dicta
556 290 665 352 joco
698 287 866 346 elude,
909 288 1021 337 dum
1054 285 1265 339 vindices
1307 293 1571 344 commode.

42 360 202 412 Verbo
224 379 234 409 ε
266 375 429 408 omnes
454 359 505 407 ut
525 357 682 407 hostes
705 373 830 405 cave.

144 432 309 477 Parum
334 425 420 475 tibi
448 427 627 476 amicos
654 424 824 475 officiis
853 420 1073 472 omnibus
1099 423 1335 473 demerere
1358 437 1409 472 ut
1430 426 1573 490 pluri-

44 497 175 548 mum
196 531 208 555 ,
243 511 398 560 neque
435 494 487 544 id
520 508 566 543 te
601 492 833 545 advertere
871 489 1063 542 artificio
1088 490 1275 542 summo
1313 492 1534 543 dissimula
1556 532 1570 557 ‚

40 567 237 616 amicum
267 577 311 612 te
341 563 576 628 optimum
598 560 871 611 fimulando.
941 559 1101 609 Lauda
1126 577 1285 609 coram
1314 560 1395 619 iis,
1423 563 1448 611 ὲ
1475 564 1573 628 qui-

39 632 123 684 bus
154 631 241 682 scis
264 629 557 681 referendum
596 629 777 680 iisdem.
876 624 1074 678 Causam
1102 628 1298 679 laedendi
1327 646 1530 694 praecave
1560 669 1573 693 ‚

44 700 140 752 imo
167 702 302 750 etiam
335 698 658 756 occasionem,
688 699 748 749 ne
772 694 951 747 scilicet
981 697 1059 745 ulli
1089 696 1149 746 fic
1180 710 1228 745 te
1246 698 1497 757 concedaS,
1521 714 1574 751 ut

44 769 213 821 ledere
244 769 399 834 poslit.
473 767 669 819 Interim
697 768 748 816 in
774 764 992 816 omnibus
1027 766 1276 816 aulicorum
1309 767 1428 816 ludis
1460 768 1579 819 nihil

37 839 267 897 detrec‘t23
303 836 364 888 fic
398 851 553 889 tamen
572 877 585 900 ,
630 851 683 886 ut
713 833 1023 897 stabiliendis,
1061 832 1112 882 &
1146 833 1372 900 augendis
1403 837 1494 885 tuis
1519 835 1574 886 sis

37 907 152 975 vigil
177 907 388 972 semper,
422 921 622 974 quorum
647 907 783 955 causa
813 902 983 972 religio
1017 940 1030 965 ,
1067 901 1245 962 anima,
1271 900 1392 953 sacra
1417 907 1574 955 omnia

4 1013 5 1019 κ
34 977 201 1028 venalia
222 972 374 1026 fiunto.

55 1086 58 1094 .
145 1049 253 1095 Heu
275 1083 287 1107 ‚
327 1057 592 1110 protervam
628 1040 835 1092 hominis
870 1038 1200 1100 temeritatem,
1228 1039 1287 1090 ne
1320 1039 1475 1092 dicam
1512 1039 1576 1093 se-

38 1115 245 1168 ductoris
274 1113 522 1162 amentiam
546 1113 559 1160 Υ
585 1113 718 1161 Ιῑέιῃε
752 1107 862 1160 νει-ὸ
887 1108 961 1159 his
998 1106 1407 1158 Pseudo-Politice?
1437 1127 1573 1179 regu-

32 1186 88 1237 lis
118 1181 364 1246 verfipellis
395 1177 660 1247 Polyhistor
694 1177 875 1247 magis,
921 1178 1062 1243 quam
1096 1188 1174 1225 aut
1197 1175 1450 1243 Princeps,
1496 1194 1572 1231 aut

31 1254 101 1308 vir
132 1251 277 1302 civilis
298 1247 573 1299 formandus
596 1248 618 1297 ’Β
655 1246 798 1297 Enim
822 1244 963 1307 verb,
1000 1260 1066 1294 vae
1097 1247 1422 1295 communioni
1447 1264 1574 1297 mor·

32 1324 220 1378 talium,
250 1316 280 1367 fi
314 1316 410 1368 baec
432 1317 626 1384 linguae,
649 1314 703 1365 δι
736 1314 888 1364 cordis
915 1309 1152 1363 discordia
1184 1311 1476 1365 dominatum
1500 1333 1572 1366 or-

33 1391 108 1443 bis
136 1388 366 1441 obtineat:
392 1386 465 1437 hae
493 1384 670 1452 pedicae
700 1384 851 1434 aditus
879 1397 1044 1433 omnes
1066 1381 1365 1448 praecludant.

124 1521 722 1621 QuAEsrto
817 1518 1468 1593 POLITmA.

124 1635 230 1700 An
271 1633 457 1718 major
499 1631 746 1696 Politicoe
778 1630 972 1717 regula
994 1651 1014 1690 .·
1038 1627 1333 1711 fi'mulatio
1346 1677 1367 1709 ,
1406 1650 1482 1694 an

617 1720 946 1788 dtfffimulatio?

137 1838 270 1901 PRO
330 1839 772 1899 SlMuLATIONE
817 1831 1459 1901 Psnuno-Pomnca.

11 1936 450 2100 JVErtumnus
488 1954 640 1989 totum
689 1938 835 1990 hodie
870 1939 1079 1991 saeculum
1111 1939 1193 1991 est.
1275 1940 1392 2007 Quis
1425 1941 1569 2011 igitur

0 2042 5 2093 l

228 2009 404 2076 gratior
428 2008 631 2057 Proteo?
655 2009 846 2075 Nempe
876 2007 1126 2059 similitudo
1172 2023 1390 2070 morum,
1423 2026 1568 2061 mater

227 2093 452 2126 amorum.
527 2076 617 2145 Qui
641 2074 806 2127 {imiles
842 2076 907 2128 fin
938 2075 1403 2143 reperiant‚faciunt.
1484 2082 1569 2129 Fe-

0 2177 5 2182 ·
32 2147 127 2208 lix,
169 2145 248 2198 cui
280 2159 385 2196 nata
429 2143 561 2194 domi
598 2143 825 2196 simulatio
844 2181 858 2206 ,
887 2144 1047 2212 spem,
1095 2143 1307 2204 consilia,
1339 2145 1481 2197 vitam
1519 2166 1569 2198 o-

0 2231 190 2265 :mnem
221 2213 504 2264 moderatur.
571 2214 677 2263 Hfic
703 2212 868 2267 ductus
892 2216 1052 2282 regula
1091 2211 1228 2281 fingit
1262 2212 1473 2267 fimulans
1515 2234 1569 2267 ea

0 2283 145 2349 gesse,
180 2299 281 2351 quae
302 2299 399 2332 non
427 2279 545 2331 sunt.
613 2280 817 2333 Colores
851 2300 961 2335 cum
989 2279 1112 2333 Iride
1132 2280 1380 2331 mentiens.
1435 2285 1568 2336 Diffi-

31 2353 208 2404 mulans
240 2352 404 2400 cont-ra
423 2351 658 2401 flammam
686 2352 803 2417 tegit
832 2368 940 2402 cum
962 2351 1117 2414 nitr0,
1140 2351 1367 2400 mentiens
1388 2369 1484 2403 non
1505 2352 1568 2404 es²

16 2417 105 2480 se,
135 2437 238 2488 quae
269 2416 391 2468 sunt.
461 2420 637 2487 Regula
665 2418 881 2470 hodierni
909 2420 993 2471 aevi
1019 2421 1158 2487 genio
1185 2418 1429 2470 necessaria
1446 2436 1566 2474 utra·

31 2503 121 2553 que
138 2523 151 2550 ,
181 2488 256 2538 illa
276 2501 434 2539 tamen
475 2488 687 2552 amplius.
758 2486 958 2553 Ecquod
982 2488 1110 2538 enim
1128 2484 1307 2535 bonum
1334 2489 1413 2551 est,
1436 2491 1568 2556 quod

17 2555 146 2613 ,larva
179 2555 403 2605 simulanti
428 2572 524 2605 non
552 2554 753 2617 adferat,
783 2556 891 2605 cum
913 2570 1069 2606 tamen
1095 2554 1266 2604 auferat
1286 2552 1563 2610 diffimulan-

28 2623 102 2674 ti?
124 2623 311 2690 Nempe
340 2623 445 2689 quia
466 2622 686 2693 genium,
712 2640 893 2687 mores,
914 2625 1094 2685 vultus,
1117 2621 1293 2689 speculi
1319 2639 1450 2676 more
1470 2646 1562 2694 pro

18 2692 216 2754 [arbitrio
247 2693 566 2758 cujuscunque
586 2690 749 2753 refert,
766 2692 979 2743 nubilum
1004 2689 1323 2753 maerentibuS,
1351 2690 1559 2748 serenum

18 2757 276 2829 hilaribus,
312 2760 497 2812 Caelum
537 2778 679 2828 opere
710 2762 929 2813 mentitur
956 2761 1006 2812 in
1024 2761 1159 2811 terris
1178 2793 1192 2818 ,
1229 2757 1278 2807 &t
1303 2758 1485 2812 Caelum
1510 2765 1561 2814 si-

32 2823 86 2877 bi
109 2828 296 2894 fundat,
328 2830 461 2884 omni
483 2844 623 2884 vento
641 2829 701 2883 ad
723 2827 855 2882 suam
880 2831 1103 2899 navigans
1121 2826 1420 2946 felicitatem}
1442 2832 1561 2881 Sim·

1354 2913 1387 2961 p
1410 2914 1490 2948 rct-
