1832 3151
311 131 434 192 124
726 108 1300 196 ἓὲἓέωήἐὶἐὲ

224 216 367 281 quam
390 210 643 277 Ephorum
669 213 882 273 Ducem,
917 214 994 277 qui
1019 211 1182 263 calcari
1209 225 1361 279 egeat.
1437 210 1531 280 Qui
1561 209 1764 274 namque
1808 203 1811 209 ’

224 281 368 332 casses
407 280 579 344 ubique
610 295 819 337 veretur,
854 281 1054 345 pericula
1091 280 1262 347 ubique
1289 279 1505 330 somniat.
1577 276 1769 337 Dubius

226 350 409 416 semper
443 350 611 406 haeret,
638 347 691 397 &
719 347 901 410 anxius,
923 348 1090 399 nullibi
1121 367 1266 398 arenae
1293 350 1478 416 copiam
1508 347 1645 408 facit,
1675 345 1768 395 nisi

229 421 311 469 ubi
340 419 550 484 stipulata
574 415 699 466 sorte
729 418 879 466 laurus
914 417 1094 467 arridet.
1165 417 1290 484 Qiid
1316 418 1424 468 vero
1457 418 1554 467 hoc
1583 414 1763 481 pacto?
1812 446 1813 450 ,

227 488 345 553 faepe
374 488 486 536 dum
508 483 700 551 scyllam
727 485 867 544 vitat,
901 486 946 535 in
976 484 1257 553 charybdim
1288 487 1395 536 ruit.
1462 491 1549 546 At,
1581 485 1765 550 inquis:

227 558 375 607 multa
399 569 582 619 tempus
615 553 864 615 emendat,
902 571 1000 617 quae
1030 553 1267 618 desperata
1304 554 1404 603 sunt
1430 554 1619 602 credita.
1706 555 1768 601 Et
1812 568 1816 583 ⁹

225 641 390 676 cautus
415 621 860 684 nimiumbellidux,
886 619 982 686 sui,
1005 621 1284 688 suorumque
1309 621 1495 673 securus
1514 623 1632 672 cives
1657 618 1772 668 dum
1811 630 1815 633 “

228 692 408 753 servat,
450 693 503 740 iit
529 706 627 740 non
655 689 823 756 profit,
858 707 959 740 non
994 707 1139 740 nocet
1178 691 1331 754 certe,
1367 690 1498 756 quod
1530 689 1679 738 audax
1703 686 1771 736 fa·

228 764 311 813 cit.
381 759 591 817 Verum,
626 758 772 823 quid,
799 758 989 822 amabo,
1022 759 1241 821 interest,
1278 761 1483 810 exercitu
1515 758 1655 806 duffio
1694 759 1777 806 Pa..

232 832 331 882 triae
364 847 464 880 non
495 826 741 892 prodesse,
776 844 833 877 an
852 829 1058 877 nocere?
1084 828 1302 893 nunquid
1330 845 1502 879 nocere
1529 825 1592 875 est
1624 822 1778 890 ipsum
1813 815 1816 839 ¹

225 917 330 951 non
366 913 534 965 augere
546 914 563 954 ;
591 899 713 945 Tam
747 913 875 945 enim
917 895 1118 946 aufertur
1159 895 1340 957 Patriae,
1375 895 1504 960 quod
1528 930 1541 953 ,
1575 894 1681 944 cum
1717 895 1774 942 li·-

227 982 330 1027 cet,
353 985 451 1016 non
485 964 702 1024 additui-3
731 965 871 1028 quam
901 964 1016 1014 dum
1044 964 1256 1025 tollitur,
1289 965 1531 1030 quodiam
1557 962 1771 1022 habetur,

224 1038 342 1087 Vim
372 1034 417 1085 vi
467 1033 690 1083 duntaxat
732 1034 981 1097 repellere,
1022 1051 1124 1083 non
1157 1033 1310 1083 castris
1334 1033 1536 1082 'hostem
1575 1047 1776 1091 exuere,
1803 1053 1808 1066 =

225 1122 332 1156 non
366 1101 589 1170 praefidiis
624 1103 839 1168 exigere,
869 1103 1135 1168 ignominia
1164 1099 1273 1151 sunt
1310 1102 1432 1161 cauti
1468 1100 1608 1152 nimis
1642 1098 1778 1148 Belli-
1802 1108 1818 1162 ς·

231 1173 383 1223 ducis.
449 1174 522 1223 Da
549 1167 730 1219 servum
747 1205 760 1229 ,
784 1169 1070 1220 difficultatis
1092 1184 1218 1220 metu
1239 1169 1503 1237 fugientem
1532 1168 1777 1228 omnium3
1803 1168 1818 1210 =³'

228 1241 346 1308 quid
387 1239 576 1290 interest
608 1240 727 1287 inter
759 1236 1021 1305 fugientem
1040 1277 1052 1300 ‚
1096 1237 1148 1288 &
1178 1239 1501 1306 negligentem
1529 1237 1550 1285 ?
1595 1235 1776 1286 N6une

227 1309 547 1378 praefidentem
574 1307 730 1368 malis,
758 1309 902 1371 quam
941 1323 1069 1356 metu
1100 1325 1220 1359 vano
1252 1307 1554 1372 torpentem?
1611 1302 1737 1374 Quid
1760 1335 1778 1364 ‚
1804 1302 1809 1314 ‘

228 1379 357 1443 quod
393 1376 625 1426 moderari
655 1374 837 1424 facilius
860 1373 1163 1440 fitimpetum
1184 1412 1195 1434 ‚
1241 1379 1381 1441 quam
1407 1375 1609 1424 excitari.
1647 1377 1806 1423 AEtaS·

225 1447 344 1499 illud
363 1481 375 1505 ,
407 1443 461 1495 &
488 1443 775 1509 experientia
810 1443 948 1502 facit3
975 1444 1026 1493 δε
1063 1445 1225 1513 ignes,
1258 1443 1290 1493 fi
1322 1462 1421 1494 non
1448 1458 1631 1493 enervat
1652 1477 1665 1499 ,
1699 1441 1778 1491 he·
1802 1446 1809 1462 '²

225 1517 370 1567 betat.
486 1513 665 1563 Cautus
705 1510 906 1560 nimium
955 1512 1028 1563 his
1071 1512 1290 1562 omnibus
1338 1513 1539 1579 amplius
1580 1510 1809 1577 vitiatur„

225 1590 440 1648 'soi-pet,
466 1598 555 1631 nec
585 1579 796 1645 prodest,
837 1579 918 1644 qui
942 1598 1041 1631 non
1069 1582 1220 1632 audet.
1313 1580 1628 1642 Audendum,
1674 1581 1779 1644 quia
1806 1580 1819 1630 ζ·

227 1655 283 1705 ut
311 1651 523 1702 crescunt
549 1646 632 1698 sub
659 1649 832 1697 incude
868 1650 1040 1710 animi,
1087 1648 1150 1699 fic
1175 1652 1378 1700 Fortuna
1415 1650 1512 1714 ipsa
1557 1646 1776 1699 volubilis
1807 1642 1819 1702 'p

227 1723 341 1774 alias
378 1725 511 1775 Dea,
552 1717 744 1767 audenti
773 1716 933 1782 iniqua
961 1717 1053 1767 esse
1086 1719 1160 1768 vix
1189 1718 1357 1784 potest.
1432 1715 1611 1784 Sponsa
1646 1713 1818 1767 auda-1:

233 1809 313 1842 ces
350 1788 448 1838 fere
483 1786 684 1852 sequitur
714 1788 904 1835 Procos.
972 1787 1123 1837 Facile
1145 1787 1350 1854 carpitur
1372 1786 1524 1836 laurea
1540 1824 1552 1848 ‚
1570 1786 1683 1834 dum
1704 1800 1782 1832 an-
1806 1782 1819 1831 Ϊ

232 1860 285 1910 τέ
317 1856 482 1907 fidenti
527 1855 683 1904 animo
711 1870 809 1903 non
841 1865 936 1904 tam
982 1853 1234 1905 destinatur
1271 1856 1318 1905 in
1361 1854 1567 1920 praedam
1593 1888 1607 1912 ,
1646 1851 1822 1918 quiimssv

225 1925 529 1996 praegustatur
563 1924 612 1972 in
646 1921 879 1972 delicium.
953 1924 1197 1974 Exercitus
1218 1924 1370 1975 omnis
1404 1923 1462 1972 ad
1481 1925 1661 1988 palmas
1687 1934 1821 1969 ma·

226 1998 309 2067 gis
345 1993 596 2061 provolat,
640 1993 785 2056 quam
817 2007 1034 2051 arenam3
1070 1992 1186 2043 dum
1217 1990 1471 2061 generosos
1500 1992 1632 2060 ignes
1661 1987 1818 2048 indi—J,

227 2077 338 2117 cant
371 2061 501 2113 ausus
535 2060 700 2110 Ducis.
806 2059 1038 2121 Dejicitur
1071 2064 1237 2112 contra
1284 2061 1450 2111 animis
1479 2060 1553 2113 vel
1586 2060 1801 2109 leonum¹

228 2133 434 2192 cohors,
463 2130 548 2179 ubi
576 2129 752 2178 cautela
775 2128 923 2177 nimia
943 2130 1122 2180 n'ilnisi
1147 2131 1300 2181 mettis
1323 2129 1497 2194 praebet
1521 2126 1779 2185 indicium;
1804 2162 1806 2169 .

231 2201 286 2251 δί
317 2201 381 2251 sm
417 2200 578 2251 animo
605 2212 757 2247 metus
785 2198 950 2256 lateat,
989 2198 1156 2249 damna
1186 2199 1370 2248 timoris
1402 2196 1647 2248 eertissima
1668 2193 1774 2260 post
1816 2212 1822 2236 f

227 2270 274 2321 se
304 2269 457 2320 trahit.
562 2265 731 2317 Acrior
770 2267 972 2331 namque
1019 2265 1069 2317 in
1108 2268 1325 2317 aemulum
1363 2265 1558 2334 insurgit
1590 2263 1784 2320 hostis',

233 2339 349 2388 dum
388 2349 674 2387 metuentem
713 2334 843 2383 vidit.
949 2335 1135 2386 Gradus
1166 2335 1226 2385 ad
1255 2334 1551 2402 triumphum
1590 2333 1657 2387 est
1688 2329 1784 2400 pri·

229 2421 364 2468 mim,
402 2406 622 2456 timorem
655 2402 781 2456 hosti
812 2401 1052 2456 incussisse.
1825 2403 1832 2416 ¹

764 2541 943 2604 PRo
990 2542 1294 2605 CAuTo.

233 2685 566 2798 NEminem
590 2687 766 2758 magis,
801 2689 944 2754 quam
970 2691 1177 2752 Ducem,
1223 2704 1309 2753 per
1336 2685 1515 2742 tubos,
1552 2679 1605 2731 &
1635 2679 1782 2750 gemi·
1830 2723 1832 2726 Α

377 2758 498 2807 natis
523 2755 672 2806 ferme
696 2758 823 2809 vitris
850 2755 1012 2823 aspicit
1033 2758 1197 2819 miles,
1233 2754 1286 2805 &
1329 2755 1555 2821 populus.
1626 2752 1740 2800 Uno
1764 2772 1779 2810 5

231 2843 334 2894 quo
368 2839 512 2897 auget
529 2826 637 2876 vitia
650 2841 667 2887 3
688 2830 865 2890 altem,
894 2839 992 2894 qno
1018 2827 1210 2878 virtutes
1229 2823 1409 2876 minuit.
1481 2823 1645 2939 Solepi
1670 2822 1782 2870 Dux

1609 2904 1717 2956 upe-
